1732 3045
382 116 440 146 ΥΠ

111 212 245 253 moliri,
275 212 330 246 vel
360 211 488 258 fugam
521 221 661 256 parare,
690 220 776 244 eum

111 262 275 309 persequi
297 265 497 307 coeperunt.

88 312 328 347 ὑποτοπεῖσθαι.
363 312 443 346 Ion.
470 315 507 345 et
541 310 676 349 Attice,
709 320 778 355 pro

113 364 289 400 ὑποτοπεῒν,
323 363 379 396 not)
414 362 555 399 ὑπονοεῖν,
592 371 672 406 quae
704 361 777 394 fre-

112 413 315 459 quentiora.
341 411 533 458 Suspicari.
559 407 636 444 οὐδὲν
665 411 778 444 ὑποτο-

113 460 251 499 πηθέντα
277 462 335 497 τῶν
358 461 460 499 ἐκεῖνος
484 458 605 509 {Perim-
626 461 673 495 ix.
695 463 777 495 116.

112 512 217 547 Nihil
259 514 481 559 suspicatum
521 521 662 551 eorum,
697 522 778 557 quae

113 563 174 597 ille
191 563 387 610 cogitabat.

91 611 305 660 ὕποτςόχοιλαι
330 612 443 661 uelem.
478 611 693 646 Herodotea
725 611 778 645 10-

112 663 223 698 cutio.
251 663 296 697 In
321 662 524 698 rotundum
546 661 708 696 tondere.
726 662 776 696 iii.

114 717 150 747 S.

90 761 288 798 ἐποτὺπτειν.
306 762 348 798 V.
374 762 422 798 H.
447 760 682 809 Suffringel‘e.
701 762 780 796 ὑπο-

114 811 268 848 τῦπτεσοι
297 812 409 847 αὐτέων
438 811 544 851 {mim
578 810 694 855 φιάλην
724 815 781 845 τοῦ
806 840 807 844 ,

115 865 239 911 χρυσοῦ
251 862 305 897 σὺν
321 863 399 902 θήκη
418 860 550 910 ἔδωξέετο
567 864 617 896 τὸν
635 861 780 907 Armoni-

114 911 180 948 Bm.
198 910 263 948 ἕτω
282 912 316 950 δή
333 928 363 947 τι
382 904 519 955 §althei
533 910 634 961 δωξεῇ,
654 911 691 950 ὡς
709 910 780 950 τοὺς

114 962 357 1001 ἀποπιῆττοντοις
375 965 439 997 ἀπὸ
458 964 514 996 τῶν
533 961 667 1005 φιαλέων
683 963 781 999 ςατῖᾆ·

115 1028 171 1062 ςοις
194 1013 333 1059 ἑπόμενος
361 1014 375 1047 ὁ
401 1012 527 1053 οἰκέτης,
557 1015 601 1058 τῷ
621 1010 723 1057 ἄνομοι
748 1009 782 1052 ἦν

116 1063 250 1102 Σκίτων,
266 1063 437 1106 ἀνελὲγετο,
451 1063 512 1097 καί
525 1063 552 1097 οἱ
569 1064 683 1111 χξῖἧμοι
698 1071 781 1096 πολ-

117 1113 170 1148 λόν
204 1128 234 1147 τι
268 1117 391 1161 'aggvu-oi>
423 1113 606 1159 συνελέχθη.
649 1113 753 1148 Valla
772 1127 779 1145 ε

115 1164 223 1199 Tunc
261 1176 388 1199 earum
430 1165 598 1210 singulae,
633 1175 784 1198 auream

115 1215 248 1262 phialae
266 1215 411 1249 thecam
424 1214 693 1261 suffringentes‚
708 1214 783 1248 De-

116 1265 307 1299 mocedem
334 1265 519 1299 donarunt
553 1270 629 1299 tam
661 1265 784 1310 amplo

117 1327 284 1355 munere,
304 1321 345 1350 ut
366 1316 524 1350 famulus
542 1315 691 1349 nomine
709 1314 784 1349 Sci-

117 1371 197 1406 ton,
229 1366 291 1412 qui
320 1366 548 1413 sequebatur,
577 1365 785 1400 excidentes

118 1428 164 1450 ex
174 1417 407 1462 percussione
417 1416 623 1462 phialarum
633 1420 785 1450 stateras

119 1467 308 1513 colligens,
327 1478 403 1500 non
422 1478 571 1512 parvam
589 1467 669 1501 auri
685 1477 784 1500 sum-

118 1529 218 1552 mam
249 1518 421 1563 coegerit.
453 1517 502 1552 iii.
537 1520 619 1551 130.
654 1519 786 1551 Sensus

121 1567 269 1614 quidem
286 1567 427 1601 bonus:
457 1572 495 1602 at
522 1567 632 1602 verba
657 1567 787 1601 Graeca

120 1617 257 1665 aliquid
274 1617 372 1652 aliud
389 1617 494 1652 nobis
517 1618 690 1652 indicant.
710 1619 786 1652 ὑπο-

119 1666 247 1702 τῖιπτειν
264 1669 364 1702 enim
382 1679 457 1702 non
480 1668 697 1714 suffringere
714 1668 788 1715 sig-

121 1718 260 1759 nificat,
278 1718 342 1752 sed
359 1719 479 1764 potius
501 1724 557 1764 (ut
581 1718 633 1752 ita
661 1719 787 1765 loqua-

122 1770 223 1811 mur)
269 1768 541 1809 subvcrberare,
585 1773 787 1808 succutere,

121 1820 249 1854 leviter
270 1819 473 1859 verberare,
497 1824 647 1865 quatere
663 1819 789 1853 verbe-

121 1870 250 1910 rando,
284 1869 463 1915 pulsando
496 1869 678 1904 decutere.
731 1869 789 1903 Sic

120 1921 237 1968 igitur
253 1921 331 1954 haec
349 1920 479 1954 melius
502 1924 702 1954 vertentur.
729 1919 790 1965 Ip-

122 1982 247 2006 sarum
256 1981 332 2005 una
343 1981 495 2017 quaeque
506 1970 789 2016 phialaethecam

122 2032 273 2057 auream
293 2021 423 2055 leviter
442 2021 649 2059 verberans,
664 2031 790 2055 succu-

123 2073 229 2110 tiens,
245 2082 320 2105 una
335 2082 420 2105 cum
436 2071 514 2117 ipsa
529 2071 637 2105 theca
653 2070 789 2105 Demo-

123 2121 252 2157 cedem
289 2120 420 2168 [aurea
456 2121 594 2168 phiala]
629 2120 790 2155 donavit.

123 2172 218 2207 Tam
247 2178 372 2207 autem
406 2172 528 2217 amplo
554 2171 653 2206 dono
689 2171 791 2216 [eum

124 2223 304 2268 donavit‚]
324 2226 367 2256 ut
384 2222 554 2262 famulus,
572 2223 632 2256 cui
655 2233 792 2256 nomen

124 2279 204 2308 erat
221 2273 358 2310 Sciton,
381 2272 608 2318 [dominum]
624 2283 791 2319 sequens,

124 2328 277 2359 stateras
295 2335 341 2358 ex
357 2323 486 2368 phialis
507 2323 571 2368 [ob
594 2322 792 2356 succussio-

126 2374 230 2419 nem]
256 2373 463 2408 excidentes
489 2373 690 2420 collegem't,
708 2373 793 2419 ipsi-

128 2435 198 2471 que
216 2435 353 2470 magna
362 2424 443 2458 auri
460 2424 511 2458 vis
528 2428 653 2458 coacta
669 2423 792 2458 fuerit.

128 2474 167 2509 Si
186 2474 329 2520 phialae,
347 2475 387 2508 in
409 2474 540 2521 quibus
562 2477 669 2508 erant
692 2474 794 2508 aurei

128 2529 292 2564 stateres,
320 2525 444 2559 vitreae
475 2524 644 2564 fuissent,
671 2524 730 2558 hic
758 2525 793 2558 τὸ

129 2572 332 2614 iaz-oriemur,
350 2574 502 2609 fortasse
524 2574 716 2609 commode
734 2585 794 2608 su-

129 2625 182 2660 mi
215 2628 336 2670 posset
375 2636 442 2670 pro
474 2624 705 2671 suffringere,
738 2624 796 2658 vel

129 2674 324 2722 frangere:
353 2681 392 2709 at
414 2685 533 2710 aureae
556 2678 675 2716 erant,
693 2679 734 2709 ut
758 2679 796 2708 et

132 2725 207 2772 ipse
238 2724 342 2761 Valla
375 2725 495 2761 vertit.
533 2728 637 2771 (nam
679 2722 795 2767 φιάλην

1160 114 1218 144 ΥΠ

851 210 984 257 χξυσ-οῧ,
1000 209 1068 244 ἀντὶ
1086 211 1142 243 τοῦ
1156 207 1273 253 φιάλην
1289 209 1419 258 >geva-311.
1439 207 1516 244 He·-

850 259 1002 294 rodotus
1035 260 1177 294 videtur
1209 261 1399 307 appellare.
1433 259 1517 294 Nisi

851 309 948 344 dicas
965 308 1081 351 φιάλην
1098 312 1220 358 χςυτοῧ
1237 311 1368 350 vocari,
1387 311 1426 344 in
1446 321 1519 358 qua
1536 334 1542 343 ι

852 371 984 394 aurum
1001 360 1146 401 inesset,
1165 372 1244 407 quae
1261 371 1390 395 aureos
1407 365 1520 394 state-

852 422 910 445 ras
927 411 1158 444 contineret:
1189 410 1286 457 quod
1316 422 1338 445 a
1367 410 1519 445 veritate

854 471 931 495 non
948 460 1108 494 alienum
1134 462 1255 504 esset.)
1284 460 1406 498 Quare
1431 460 1520 507 quid

854 522 946 557 opus
979 514 1058 545 erat
1083 510 1244 556 phialam
1270 510 1517 558 suffringere?

854 561 1049 596 Metallum
1082 561 1152 595 hoc
1183 560 1282 595 haud
1312 566 1389 596 tam
1415 560 1522 595 facile

854 612 1051 657 frangitur.
1069 612 1118 645 At
1131 611 1372 650 succussione‚
1389 623 1430 645 ac·
1443 610 1522 657 agi-

854 662 1007 701 tatione,
1022 666 1059 695 et
1076 661 1319 708 quassatione,
1334 672 1425 706 opus
1443 664 1523 695 erat

855 712 901 746 ad
944 711 1194 751 excutiendos,
1234 715 1272 745 et
1313 708 1522 755 ejiciendos,

855 767 1007 797 stateras
1025 773 1155 797 aureos
1172 762 1212 796 in
1227 761 1359 808 phialis
1375 762 1523 796 conclu-

855 824 925 847 sos.
980 811 1071 847 Haec
1112 812 1223 860 longe
1261 812 1524 847 ven'similiora.

854 862 1008 898 Nullam
1033 867 1159 897 tamen
1178 862 1430 897 necessitatem
1448 862 1526 897 cui-

857 924 967 961 quam
1001 915 1153 959 impono
1186 913 1226 947 in
1259 917 1386 948 nostra
1416 912 1527 947 verba

851 962 1014 1009 jurandi.
1050 963 1231 1010 Sequatur
1258 962 1410 1011 quisque
1441 974 1523 997 sen-

857 1015 1025 1054 tentiam,
1038 1025 1148 1061 quam
1158 1013 1288 1048 ceteris
1299 1018 1527 1060 anteponen-

858 1064 943 1099 dam
963 1062 1150 1110 judicarit.
1187 1063 1305 1098 Nobis
1322 1064 1422 1098 enim
1439 1064 1527 1098 satis

859 1126 936 1149 esse
964 1114 1070 1153 duco,
1095 1114 1126 1148 si
1155 1114 1371 1149 Grraecorum
1399 1114 1528 1148 verbo-

858 1177 942 1200 rum
968 1165 1244 1212 proprietatem,
1263 1165 1293 1199 si
1318 1165 1391 1199 vim
1415 1165 1530 1211 signi-

860 1215 1154 1263 ficationemque,
1172 1226 1257 1249 cum
1280 1215 1360 1261 ipso
1382 1226 1530 1262 germa-

861 1277 911 1301 no
933 1277 1054 1306 sensu,
1074 1265 1172 1300 nude
1190 1276 1345 1313 vereque
1370 1265 1531 1300 declare-

860 1328 954 1351 mus.

837 1365 1015 1409 ὑποτύφειν,
1032 1363 1199 1401 ὑποκαίειν.
1215 1365 1367 1412 Proprie
1382 1365 1531 1413 quidem

860 1417 1093 1457 succendere,
1128 1417 1184 1451 vel
1221 1417 1310 1463 igne
1352 1414 1531 1461 subjecto,

860 1467 918 1501 vel
959 1468 1053 1502 clam
1091 1467 1290 1501 accendere
1323 1467 1507 1513 significat
1518 1481 1528 1511 3

861 1517 924 1552 sed
950 1522 1077 1552 tamen
1103 1518 1322 1552 transfertur
1348 1517 1459 1551 etiam
1486 1517 1533 1552 ad

862 1568 1072 1602 inimicitias
1083 1568 1128 1603 ab
1141 1567 1322 1614 aliquibus
1335 1573 1532 1614 susceptas,

863 1630 943 1666 quae
960 1619 1123 1664 primum
1141 1618 1215 1652 odii
1232 1618 1387 1652 fiammis
1405 1629 1533 1653 accen-

863 1669 1013 1708 duntur,
1030 1668 1162 1703 deinde
1177 1668 1355 1715 paulatim
1369 1668 1533 1709 aluntur,

863 1724 901 1753 et
933 1724 1114 1759 crescunt,
1148 1719 1265 1753 donec
1300 1718 1450 1754 tandem
1487 1731 1533 1754 ex

863 1769 1099 1804 inimicorum
1130 1769 1340 1815 pectoribus
1359 1769 1398 1804 in
1414 1769 1533 1804 mani·

863 1820 994 1854 festam
1022 1820 1155 1860 lucem,
1187 1819 1442 1854 incendiorum
1477 1820 1534 1854 in-

864 1875 951 1911 star,
975 1874 1183 1916 erumpant.
1209 1869 1277 1904 Vel
1306 1870 1418 1904 etiam
1441 1870 1535 1905 acci-

864 1921 1040 1967 piendum
1057 1932 1125 1966 pro
1150 1920 1354 1955 simultates
1375 1921 1535 1955 occultas

865 1982 952 2006 cum
994 1972 1117 2018 aliquo
1159 1971 1353 2017 suscipere,
1386 1971 1534 2010 habere,

865 2032 1008 2068 gerere,
1041 2032 1221 2056 exercere.
1256 2020 1393 2054 πκλαιοὶ
1427 2020 1533 2059 oab-roc}

865 2069 970 2120 ’ἔχθεα
990 2070 1172 2114 ὑπετίιφετο.
1192 2071 1330 2105 Ctesias
1356 2071 1455 2105 Pers.
1473 2074 1534 2106 45.

866 2121 981 2156 Vetus
998 2122 1162 2157 simultas
1179 2121 1225 2156 ab
1238 2121 1322 2167 ipsis
1340 2121 1535 2156 succende-

868 2172 988 2207 batur.
1011 2173 1035 2207 i.
1070 2172 1175 2206 Clam
1197 2171 1375 2212 alebatur,
1398 2176 1446 2210 et,
1466 2182 1535 2206 ceu

865 2223 1015 2258 flamma
1032 2222 1200 2269 quaedam
1222 2222 1261 2256 in
1286 2221 1451 2267 ipsorum
1474 2233 1536 2268 pe-

869 2278 970 2308 ctore
980 2273 1097 2308 latens
1108 2272 1239 2312 adhue,
1246 2271 1447 2308 fovebatur,
1454 2272 1536 2313 Vel,

869 2324 974 2358 Clam
998 2322 1276 2358 accendebatur.
1315 2322 1383 2357 Vel
1411 2323 1536 2363 etiam,

868 2374 928 2408 Illi
954 2373 1084 2408 veteris
1110 2373 1184 2407 odii
1210 2373 1397 2407 flammam
1415 2374 1454 2407 in
1474 2384 1537 2420 pe-

868 2429 970 2458 ctore
986 2424 1175 2464 latentem,
1190 2434 1232 2458 ac
1249 2422 1454 2464 ardentem,
1472 2422 1537 2457 ad-

870 2475 941 2509 huc
959 2473 1162 2509 servabant.

847 2525 1010 2572 ὑπουςγεῖν
1027 2538 1058 2558 τι
1075 2523 1145 2558 τινί.
1171 2523 1216 2558 In
1239 2523 1361 2570 aliqua
1376 2533 1416 2556 re
1433 2533 1538 2557 suam

871 2585 1021 2620 operam
1042 2574 1151 2609 alicui
1177 2584 1321 2609 navare.
1357 2572 1537 2607 Inservire

871 2625 981 2659 alicui
1013 2624 1135 2670 aliqua
1166 2625 1207 2658 in
1232 2634 1282 2658 re.
1309 2622 1367 2657 vii.
1394 2625 1454 2656 38.
1490 2621 1538 2655 ο-οὶ

871 2673 1055 2720 βουλόμενος
1074 2672 1244 2722 investem.
1264 2673 1335 2707 viii.
1356 2676 1437 2707 110.
1455 2671 1540 2706 Tibi

874 2725 998 2762 volens
1025 2725 1208 2761 inservire.
1226 2722 1334 2772 χςηςοὶ
1353 2719 1540 2771 §mog-ydem.
