1732 3045
59 984 253 1034 μεταίχμιον
257 1012 267 1026 ,
301 1001 347 1026 ov,
375 984 421 1021 τό.

371 94 437 124 ME

64 187 244 237 μεταιτέειν,
279 190 328 222 εῖν.
360 188 404 222 V.
432 187 482 222 H.
517 187 665 222 Partem
702 188 755 222 rei

91 237 242 282 alicujus
260 243 394 284 petere.
414 237 563 285 Aliquid
573 238 753 272 affectare.

91 290 144 327 τ’ἧς
177 287 342 330 fixo-tanim
370 287 590 333 μεταιτέοντες.
632 287 756 333 Regni

90 342 234 385 partem
257 342 434 383 petentes.
466 337 546 376 Vel,
580 336 755 383 Regnum

90 388 310 423 affectantes.
329 388 374 422 iv.
397 390 475 421 146.
495 387 551 421 vii.
571 390 651 421 150.

62 435 238 484 μεταίτιος,
266 437 292 471 0‘.
322 437 369 472 N.
390 437 437 471 H.
462 434 637 481 Ejusdem
655 447 756 470 caus-

89 499 150 528 sae,
168 488 327 534 culpaeve
345 487 536 533 particeps,
564 486 634 520 Rei
644 486 755 520 alicu-

83 535 147 583 jus
176 542 315 572 auctor.
339 538 384 572 iv.
407 540 494 576 200,
519 539 604 572 202.
640 535 753 581 μεταί-

89 601 152 621 τιον
181 590 237 621 τοῦ
261 586 397 632 magus.
442 586 538 621 Belli
565 597 651 621 eum
684 586 756 620 alio

89 641 290 672 auctorem.
306 638 363 671 vii.
385 639 465 672 156.
500 635 614 684 Πὲξο-οιι
644 633 755 673 οὐδενός

85 701 141 732 μοι
164 685 282 725 πάθεος
302 685 463 732 patrocimo(
488 688 553 721 εἰσ-ι.
572 686 645 720 viii.
674 688 755 720 101.

87 736 208 772 Persae
252 737 385 771 nullius
427 736 538 771 cladis
590 739 756 770 auctores

86 787 178 821 lnihi
195 791 292 821 sunt.
319 786 382 828 Φοὶς
400 786 441 820 aa}
455 782 613 831 μηδισμοῦ
631 783 755 822 παῖδας

88 832 167 869 οὐδὲν
195 833 267 870 εἶναι
298 835 489 881 μεταιτίους.
516 836 564 870 ix.
589 838 648 870 88.
688 835 756 869 Di-

87 897 172 920 cens
204 885 335 933 [illius]
365 886 456 920 filios
480 885 647 920 factionis
674 885 755 919 Me-

87 935 177 971 dieae
191 936 293 971 nullo
308 936 419 970 modo
436 936 629 982 participes
642 947 729 970 esse.

467 986 547 1021 Ion.
582 990 618 1020 et
657 988 754 1031 poet.

90 1036 250 1082 Campus
275 1037 373 1071 inter
399 1036 488 1071 duas
519 1036 623 1070 acies.
667 1035 755 1082 Spa-

87 1086 195 1126 tium,
224 1085 322 1133 quod
342 1091 397 1120 est
422 1087 518 1120 inter
544 1086 634 1120 duos
652 1096 756 1121 exel-

86 1136 180 1171 citus
222 1140 395 1177 armatos,
435 1140 473 1170 et
511 1136 556 1170 ad
591 1147 756 1183 pugnam

86 1193 243 1233 paratOS.
269 1199 463 1231 μεταιχμιον
482 1185 517 1219 οὗ
531 1199 569 1231 με
572 1201 618 1228 yon
635 1188 754 1220 ἀπολι-

85 1235 201 1275 πάντες
228 1235 317 1270 Non
347 1247 485 1283 magno
514 1237 631 1293 spatio
657 1236 756 1270 intel

53 1287 55 1289 ’
85 1285 176 1321 duas
207 1287 300 1320 acies
334 1286 472 1321 relicto.
506 1286 550 1321 vi.
580 1290 642 1326 77,
674 1288 755 1320 112.

84 1334 232 1384 ἷξκίξετόν
258 1350 289 1369 τι
310 1335 505 1381 μεταίχμιον
524 1335 574 1372 τὴν
592 1337 649 1378 yffi·
668 1334 755 1372 ἔκτη-

84 1384 189 1431 μένων.
207 1386 278 1420 viii.
302 1390 383 1421 110.
403 1397 517 1432 prope
536 1386 598 1420 fin.
627 1385 752 1420 Valla:

86 1435 317 1470 Possidentes
334 1441 471 1471 terram
489 1437 586 1470 inter
600 1436 756 1470 diversas

85 1485 180 1520 acies
198 1487 366 1531 positam.
387 1485 446 1520 AE.
463 1486 504 1521 P.
527 1486 601 1523 Qui
619 1490 756 1520 terram

86 1535 275 1582 possidetis
313 1535 390 1583 [ut]
430 1536 608 1570 eximium
641 1535 755 1583 quod-

85 1585 171 1620 dam
205 1587 398 1631 praemium
436 1586 534 1620 inter
568 1586 684 1621 varias
717 1598 755 1620 a-

86 1636 158 1669 cies
180 1637 353 1682 positum,
384 1635 445 1680 [de
478 1647 551 1683 quo
576 1635 755 1682 capiendo

86 1686 195 1720 multi
208 1686 305 1720 inter
318 1697 354 1720 se
372 1687 483 1721 armis
497 1686 753 1728 contendunt]

86 1735 145 1770 Sic
174 1736 274 1770 enim
293 1733 374 1780 jam
407 1737 507 1770 locus
532 1737 591 1770 hic
610 1736 756 1770 videtur

86 1785 358 1832 intelligendus.
386 1786 453 1820 Est
486 1792 610 1821 autem
639 1790 755 1820 meta-

84 1836 202 1882 phora
219 1841 340 1870 sumta
356 1849 378 1871 a
399 1836 494 1870 ludis
520 1835 754 1876 circensibus,

84 1886 124 1920 in
136 1887 266 1933 quibus
280 1886 443 1932 praemia,
456 1886 652 1920 victoribus
666 1885 755 1920 dan-

85 1935 144 1977 da,
162 1936 465 1982 proponebantur
482 1936 651 1970 omnibus
674 1947 755 1981 spe-

86 1986 229 2020 ctanda.
266 1986 375 2023 Quod
401 1991 444 2020 ut
470 1986 610 2020 facilius
636 1985 754 2026 fieret,

85 2036 126 2070 in
143 2036 264 2071 medio
281 2037 377 2070 circo
394 2037 559 2070 solebant
573 2036 763 2070 collocaris·

86 2086 144 2121 Sic
159 2086 258 2120 enim
276 2091 498 2132 spectatores
512 2086 557 2120 ad
568 2093 755 2120 certamen

43 2136 47 2139 ’
85 2136 290 2171 ineundum
323 2138 439 2183 magis
477 2135 755 2170 inflammaban-

88 2190 161 2221 tur.
173 2186 301 2234 Virgil.
314 2186 401 2221 AEn.
422 2199 452 2221 V.
467 2197 539 2220 ver.
555 2190 637 2221 104.
656 2186 755 2220 hune

89 2247 231 2272 morem
275 2237 330 2271 his
364 2236 524 2271 versibus
569 2235 753 2276 describit,

88 2286 310 2333 Exspectata
331 2286 407 2320 dies
434 2286 571 2325 aderat,
599 2297 754 2320 nonam-

88 2349 157 2384 que
175 2347 303 2371 serena
318 2336 498 2371 Auroram
515 2336 755 2370 Phaethontis

87 2387 173 2434 equi
191 2384 272 2431 jam
298 2387 378 2420 luce
397 2386 595 2420 vehebant:
626 2386 755 2420 Fama-

89 2447 159 2484 que
192 2436 382 2478 finitimos,
425 2442 461 2471 et
497 2436 585 2471 clari
619 2445 756 2470 nomen

89 2488 230 2521 Acestae
254 2486 424 2521 Excierat
437 2502 446 2529 3
485 2486 570 2520 laeto
596 2486 756 2531 comple-

90 2540 175 2571 rant
201 2537 326 2571 littora
343 2542 450 2574 coetu‚
480 2536 602 2570 Visuri
620 2535 756 2570 AEnea-

89 2585 166 2626 das,
193 2598 275 2633 pars
298 2592 335 2620 et
352 2594 491 2620 certare
516 2586 642 2632 parati.
672 2584 757 2619 Mu-

91 2646 181 2671 nera
196 2637 376 2682 principio
389 2642 475 2671 ante
493 2636 629 2676 oculos,
643 2636 758 2669 circo-

93 2696 164 2733 que
195 2686 365 2724 locantur
396 2686 441 2722 In
479 2686 601 2722 medio
612 2700 623 2730 5
667 2685 761 2721 sacri

1136 91 1204 120 ME

832 186 1006 232 tripodes,
1029 185 1233 233 viridesque
1258 195 1413 220 coronae.
1449 185 1501 220 Et

832 237 963 283 palmae
976 237 1137 282 pretium
1149 235 1359 275 victoribus,
1377 246 1494 270 arma-

832 299 914 334 que,
943 291 979 320 et
997 290 1097 319 ostro
1115 286 1274 320 Perfusae
1291 290 1424 323 vestes,
1438 297 1497 319 ar-

830 336 948 384 genti,
976 336 1128 381 aurique
1156 335 1305 369 talenta.
1333 335 1381 369 Et
1408 335 1498 369 tuba

830 385 1040 420 commissos
1072 385 1193 418 medio
1227 386 1325 420 canit
1361 396 1498 432 aggere

829 436 944 471 ludos.
965 434 1036 469 Hic
1051 435 1166 481 igitur
1174 434 1367 479 μεταίχμιον
1385 434 1501 481 (quod

830 485 1082 520 observatione
1125 484 1296 530 dignum)
1342 484 1501 530 figurate

830 540 981 570 vocatur
1009 535 1043 568 τὸ
1067 532 1191 580 μεταξὺ
1205 547 1262 567 των
1280 534 1421 578 ocinum,
1439 535 1496 568 καὶ

831 582 1057 633 ςξᾶιτξυμοέτων
1098 581 1346 644 πξξίγθθῆμέτνων
1394 579 1497 616 Μᾳλΰν

830 648 1033 695 πξθκξίμξνθν,
1068 632 1143 682 ὑπὲξ
1182 648 1216 667 02)
1261 645 1374 669 πθνῒξς
1420 647 1498 666 ow‘ro

831 684 1070 733 &Quemquam
1096 698 1158 721 τοις
1183 681 1291 720 ὅπλοις
1318 679 1499 727 διαμάχον-

829 750 895 771 τοιι.
923 735 961 769 id
991 738 1056 773 est
1092 733 1135 768 Id
1165 733 1370 779 praemium,
1400 731 1498 779 quod

830 790 885 820 est
908 786 1007 820 inter
1035 785 1172 831 aliquas
1199 783 1303 823 acies,
1333 788 1370 816 et
1396 793 1499 816 exel-

829 837 923 870 citus
949 835 1088 869 circum
1105 835 1202 868 circa
1218 832 1396 872 sedentes,
1415 843 1499 878 pro-

831 887 992 932 positum
1002 901 1011 928 3
1041 896 1109 930 pro
1130 895 1202 931 quo
1230 894 1356 917 omnes
1387 882 1497 917 armis

829 937 1019 976 dimicant,
1043 935 1078 968 id
1098 935 1137 969 in
1155 946 1258 968 suam
1277 937 1497 979 potestatem

829 986 1023 1021 redacturi.
1058 984 1167 1022 Quod
1201 990 1395 1029 propterea
1428 997 1499 1016 συν-

831 1034 953 1082 ωνύμως
980 1036 1067 1070 alias
1089 1033 1304 1082 ’,τεξιμοίχητον
1323 1029 1423 1067 ἆθλον
1443 1032 1497 1066 di-

830 1091 987 1121 ceretur.

803 1138 986 1182 μετακινεῖν
1016 1134 1118 1170 Loco
1143 1145 1299 1169 movere
1319 1132 1365 1166 In
1382 1133 1495 1167 aliurn

830 1187 950 1221 locum
968 1185 1177 1220 transferre.
1201 1195 1334 1218 comm.
1363 1179 1446 1216 οὑτοι
1470 1180 1497 1215 οἱ

830 1237 970 1284 κξντῗᾶξες
986 1233 1321 1281 pceremmflnrxv.1·h
1338 1244 1377 1267 el
1379 1237 1496 1267 [iteres

831 1287 903 1321 alio
920 1292 956 1321 t1
957 1286 1099 1324 anslan,
1119 1285 1191 1320 alio
1209 1284 1320 1318 delati
1333 1283 1497 1318 fuerunt.

830 1337 853 1371 i.
874 1340 932 1371 51.

803 1382 1074 1433 μετοιλοιμὲοίνειν.
1109 1396 1243 1419 comm.
1278 1383 1499 1429 participem

831 1448 918 1471 esse.
945 1436 1094 1470 Partem
1121 1446 1224 1469 suam
1248 1434 1412 1479 accipere
1442 1444 1499 1467 re-

830 1498 915 1521 rum
941 1486 1158 1532 aliquarum.
1195 1485 1247 1522 τῖς
1282 1483 1368 1521 ληΐης
1397 1496 1499 1527 μεται-

831 1533 998 1581 λοιμζοὶνει.
1042 1534 1180 1569 Praedae
1216 1534 1397 1581 particeps
1431 1537 1496 1567 est.

830 1587 876 1621 iv.
896 1589 956 1620 64.

802 1634 988 1682 μεταλαγνὶ.
1003 1646 1136 1669 comm.
1155 1633 1329 1668 Mutatio.
1348 1633 1371 1666 i.
1390 1637 1451 1672 74.

803 1684 1029 1732 penando-nav.
1049 1695 1234 1719 commun.
1262 1682 1381 1727 θέα-μιν,
1397 1696 1499 1727 μίτοι-

831 1734 947 1778 λοίξοις.
967 1735 1128 1781 Legibus
1147 1733 1307 1769 mutatis.
1326 1734 1348 1767 i.
1369 1735 1428 1768 59.

803 1784 1066 1832 μεταμανθάνειν.
1113 1796 1245 1818 comm.
1289 1782 1498 1818 Dedisc‘ere.

830 1835 881 1871 τὸν
920 1835 1070 1877 ’γλῶσσαν
1101 1832 1272 1879 μετέμαθε.
1311 1833 1499 1880 Linguam

830 1885 1012 1920 dedidicit.
1032 1885 1054 1918 i.
1075 1888 1133 1924 57.

803 1933 1000 1981 μεταμέλειν.
1041 1933 1265 1968 Poenitenlia
1297 1932 1391 1966 duci.
1424 1932 1499 1966 Ali-

832 1997 941 2032 quem
969 1985 1022 2018 lei
1049 1982 1202 2028 alicujus
1225 1983 1416 2028 p¹oenitcle.
1441 1995 1481 2026 με
1484 2002 1499 2007 -

830 2033 1057 2080 τεμέληο-ἑσ-φι.
1067 2034 1168 2081 Ipsos
1181 2033 1364 2079 poenituit.
1380 2032 1402 2067 i.
1419 2035 1502 2066 130.

831 2085 875 2120 iv.
894 2088 979 2119 203.
1013 2085 1057 2128 τῷ
1070 2082 1212 2131 Αξίςωνι
1229 2080 1389 2127 μετέμελε.
1416 2081 1499 2116 Ari—

830 2139 975 2169 stonem
1001 2134 1185 2180 poenituit.
1214 2133 1259 2166 vi.
1277 2135 1336 2166 63.
1370 2130 1500 2177 μετεμέ-

830 2183 904 2222 λησέ
921 2183 947 2217 οἱ
964 2198 1013 2218 τον
1034 2181 1267 2220 Ελλησποντον
1288 2179 1499 2226 [amayae-m-

830 2249 872 2269 τι.
917 2234 1015 2268 Eum
1042 2233 1217 2279 poenituit
1247 2231 1344 2278 quod
1371 2230 1498 2265 Helle-

830 2289 1005 2330 spontum
1047 2283 1170 2329 flagris
1196 2282 1395 2322 cecidisset,
1437 2281 1502 2315 fia-

829 2335 1010 2381 gellasset.
1034 2333 1093 2367 vii.
1094 2313 1170 2367 O54
1200 2334 1289 2365 ’rofa-a
1321 2330 1499 2368 Θεσσαλιης

831 2397 1012 2429 ηνγεομενοισι
1036 2384 1079 2416 ταὶ
1103 2396 1204 2430 πξοτὸ
1223 2380 1388 2429 πεπξηγμὲ
1379 2395 1426 2413 ναι
1443 2393 1501 2424 με·

830 2433 939 2479 τὲμελε
962 2431 1283 2467 01332'11.Thessaliae
1319 2431 1501 2476 plincipes

830 2495 956 2518 rerum
982 2488 1069 2517 ante
1092 2488 1280 2529 gestarum
1300 2481 1400 2514 nulla
1424 2491 1502 2524 poe—

832 2534 988 2568 nitentia
1020 2533 1259 2567 ducebantur.
1290 2531 1337 2564 ix
1377 2533 1405 2563 1,
1451 2528 1501 2561 Οὔ

831 2598 896 2631 'yae
916 2585 986 2629 υμῖν
1005 2596 1028 2621 ἒς
1047 2597 1152 2630 χξῦνον
1169 2595 1276 2616 7061.)Τῶ
1299 2593 1420 2613 πθίίυσὟ
1442 2591 1483 2622 [ΑΞ
1486 2598 1501 2604 ·-

832 2648 914 2678 »rapae
905 2633 1012 2669 >tio-ec.
1035 2633 1081 2667 ix
1099 2636 1157 2668 89.
1185 2630 1296 2665 Haud
1322 2629 1420 2662 enim
1438 2639 1500 2662 vos

832 2683 911 2720 haee
932 2683 1035 2730 [ipsi]
1058 2681 1268 2729 praestitisse
1285 2680 1325 2714 in
1342 2683 1501 2724 tempus

861 2744 885 2767 Τ
902 2736 926 2769 2
1221 2756 1226 2758 —
