1732 3045
371 111 429 142 ΔΥ

64 207 147 256 'pra
161 208 361 245 humanam
379 212 449 242 est:
477 207 514 243 id
533 213 600 249 est,
626 206 742 255 Regis

81 261 174 294 vires
190 260 391 293 humanam
414 259 618 305 potentiam
637 270 741 305 supe-

85 314 178 345 rant.

55 357 211 394 ἷυνοιντσιι.
238 358 317 394 Ion.
340 369 408 404 pro
433 368 567 392 comm.
595 354 741 391 δύνωνται

81 407 130 448 ὁὲν,
158 413 292 454 praeter
318 419 470 442 morem.
501 406 614 444 Δείσας
639 408 683 452 μὴ
710 407 745 442 οὐ

79 455 225 492 δύνανται
254 459 303 492 τὸν
319 455 478 506 βιέςὲοιξον
497 453 743 505 §vestusta-Sat.

82 507 227 542 Veritus
258 520 304 542 ne
331 508 538 542 Barbarum
572 518 744 553 superare

82 569 160 593 non
176 563 333 603 possent.
352 558 410 592 vii.
439 561 520 592 163.
558 555 640 591 Nisi
666 569 745 591 rem

81 608 133 642 sic
157 609 322 654 accipias,
348 605 485 642 δὺνσιιντο
511 607 745 642 scribendum

58 674 61 676 ¹
82 657 278 692 videretur.

59 705 258 744 ὃυνοισ-θῆνοιι.
284 707 470 750 Potuisse3
499 712 542 741 ut
569 719 590 741 a
607 704 744 753 δυναίζω,

85 758 183 804 quod
200 758 426 792 inusitatum.
445 759 481 792 ii.
503 761 584 792 110.

56 805 198 846 δυνατὸς,
230 807 348 855 ώτεξος,
375 806 506 845 ώτιιτος.
547 818 681 842 comm.
722 804 748 839 οἱ

84 854 297 891 δυνατώτατοι
323 858 380 891 τῶν
405 855 572 894 Ἑλλήνων.
611 858 748 892 Poten-

84 908 212 942 tissimi
239 908 373 955 quique
399 908 626 942 Graecorum.
665 907 752 941 Gal-

86 957 167 998 lice,
203 958 292 992 Tous
312 959 357 992 les
378 959 458 1004 plus
480 959 641 1003 puisssms
660 958 751 991 d'en-

88 1012 141 1042 tre
159 1009 205 1042 les
226 1009 338 1043 Grecs.
358 1009 381 1042 i.
404 1012 465 1049 53,
485 1011 544 1042 56.

62 1055 199 1093 δυνατόν.
244 1058 436 1093 Interdum
465 1058 579 1104 accipi
611 1057 754 1092 videtur

88 1119 157 1154 pro
185 1120 242 1149 eo,
271 1108 368 1155 quod
394 1113 449 1143 est
473 1108 660 1148 decorum,
688 1109 754 1142 ho-

89 1164 248 1199 nestum,
267 1158 365 1205 quod
381 1158 501 1193 facere
518 1159 616 1199 licet,
635 1170 676 1192 ac
701 1158 755 1192 fas

89 1214 154 1243 est.
181 1205 363 1254 Ἀτυχῆσ-οιι
390 1210 438 1242 τὸν
456 1207 626 1256 χξῇζοντοι,
647 1206 682 1242 οἵ
698 1214 755 1250 σφι

90 1256 218 1292 δυνατόν
249 1257 303 1294 ἓςι.
336 1259 384 1292 ix.
416 1263 496 1293 111.
535 1258 627 1304 Ipsis
655 1258 756 1292 nefas

90 1315 158 1349 est,
176 1313 345 1343 orantem
363 1309 438 1354 pati
455 1309 649 1354 repulsam.
675 1308 756 1348 Vel,

90 1358 202 1404 Apud
237 1359 334 1405 ipsos
362 1366 471 1404 turpe
502 1364 684 1398 censetur,
716 1369 757 1392 ac

92 1409 193 1443 nefas
220 1421 296 1444 esse
317 1406 519 1453 judicatur,
548 1410 577 1442 si
603 1409 676 1448 ille,
695 1409 758 1455 qui

95 1459 251 1506 [aliquid
267 1471 289 1494 a
305 1470 393 1505 rege
420 1458 543 1506 petit‚]
574 1459 758 1505 repulsam

91 1509 195 1544 ferat.

67 1556 222 1594 δυνέαται.
249 1559 329 1594 Ion.
356 1570 424 1604 pro
441 1569 573 1594 comm.
601 1556 756 1593 δύναιντ-σει.

93 1609 262 1645 Possunt.
280 1610 316 1645 ii.
339 1612 418 1644 142.
436 1610 481 1643 iv.
499 1613 560 1644 30.

67 1656 358 1707 δυσ-μεταχειξιςος,
374 1659 457 1693 ὁκαὶ
472 1658 497 1696 ἡ.
515 1671 649 1694 comm.
667 1658 757 1693 Tra-

93 1714 195 1744 ctatu
220 1710 384 1745 difficilis.
427 1709 656 1757 Expugnatu
688 1709 757 1744 dif-

95 1760 209 1795 ficilis,
226 1761 286 1795 vii.
304 1763 390 1795 236.

70 1807 297 1851 δυσ-θοινατέειν,
322 1812 372 1844 εῖν.
400 1821 534 1844 comm.
563 1809 695 1856 Iniquo
720 1821 758 1843 a·

95 1860 199 1896 nimo
227 1864 386 1895 mortem
413 1860 519 1895 ferre.
556 1861 652 1894 Cum
682 1871 759 1894 ma-

94 1922 171 1958 gno
186 1911 300 1946 animi
325 1911 452 1946 dolore
469 1911 573 1945 mori.
608 1910 759 1949 Gallice,

96 1962 237 1997 Mourir
265 1973 346 1996 avec
371 1962 486 2007 grand
502 1965 617 2005 regret
643 1965 675 1994 et
691 1959 758 2007 fli-

97 2012 219 2047 cher-ie.
259 2012 372 2053 Alias,
408 2022 494 2045 cum
527 2011 666 2050 dolore,
705 2011 762 2044 vel

54 2097 57 2100 Α
96 2063 261 2098 cruciatu
276 2063 384 2097 mori.
415 2061 625 2097 Difficulter
651 2062 760 2101 mori,

96 2124 174 2148 non
192 2123 296 2159 posse
311 2112 415 2146 facile
441 2112 604 2146 animam
626 2111 761 2152 efflare,

98 2168 137 2197 et
152 2163 258 2198 mori.
289 2162 411 2200 Quam
425 2162 553 2196 mortis
570 2161 762 2196 difficulta-

99 2218 188 2253 tem,
217 2211 366 2259 ejusque
389 2212 658 2251 liberationem,
681 2211 764 2246 Vir-

100 2263 165 2310 gil.
185 2263 230 2297 de
245 2263 392 2297 Didone
408 2262 516 2297 verba
532 2262 680 2302 faciens,
708 2263 764 2296 his

99 2313 260 2348 versibus
286 2312 556 2360 elegantissime
580 2312 764 2353 describit,

102 2363 278 2411 nobisque
305 2362 576 2410 quodammodo
597 2367 764 2407 spectan-

101 2412 188 2448 dam
219 2413 404 2459 proponit,
434 2412 501 2446 sub
528 2412 647 2458 ipsum
677 2412 764 2448 AEn.

101 2467 138 2498 4.
165 2464 289 2498 finem.
317 2463 385 2497 Illa
408 2474 537 2510 graves
563 2463 687 2496 oculos
705 2474 765 2497 co-

104 2518 191 2548 nata
222 2513 404 2553 attollere,
445 2523 570 2547 rursus
608 2512 762 2556 Deficit3

103 2563 260 2599 infixum
274 2563 406 2598 stridet
430 2562 497 2597 sub
523 2567 670 2608 pectore
688 2564 765 2597 vul-

105 2623 185 2647 nus.
212 2613 286 2647 Ter
311 2625 387 2647 sese
417 2613 599 2652 attollens,
623 2613 766 2647 cubito-

105 2674 175 2709 que
191 2663 329 2704 innixa,
346 2663 488 2704 levavit,
515 2662 590 2697 Ter
603 2664 769 2698 revoluta

105 2718 188 2748 toro
206 2720 275 2748 est:
296 2713 481 2761 oculisque
494 2713 700 2748 errantibus
715 2714 767 2748 al-

1115 110 1170 142 ΔΥ

817 212 857 242 to
898 206 1075 244 Quaesivit
1117 207 1212 242 coelo
1251 205 1383 246 lucem,
1427 204 1483 239 in-

816 258 1032 304 gemuitque
1065 262 1220 303 reperta.
1257 256 1355 290 Tum
1384 256 1485 290 Juno

818 308 1052 352 omnipotens
1070 307 1224 352 longum
1239 307 1411 340 miserata
1421 305 1487 339 do-

817 357 947 396 lorem,
966 356 1211 402 Difficilesque
1234 357 1367 395 obitus,
1395 356 1486 390 Irim

818 406 966 441 demisit
983 406 1153 452 Olympo,
1172 406 1264 443 Quae
1282 407 1486 440 luctantem

819 458 995 497 animam,
1013 467 1198 502 nexosque
1216 456 1411 489 resolveret
1429 467 1487 489 ar-

820 512 890 541 tus.
917 506 1029 546 Nam,
1054 506 1139 553 quia
1157 517 1223 540 nec
1241 505 1330 545 fato,
1357 506 1490 540 merita

821 568 888 591 nec
914 561 1034 591 morte
1071 556 1226 602 peribat,
1261 555 1332 589 Sed
1358 556 1491 589 misera

821 611 908 641 ante
925 606 1035 646 diem,
1053 606 1248 652 subitoque
1266 616 1417 640 accensa
1432 604 1491 639 fu-

821 668 916 695 rore,
948 656 1128 692 Nondum
1157 656 1211 691 illi
1237 655 1371 690 flavum
1399 655 1489 689 Pro-

821 707 969 752 serpina
995 707 1129 741 vertice
1155 706 1296 740 crinem
1321 705 1492 739 Abstule—

822 762 892 795 rat,
911 757 1101 804 stygioque
1119 761 1230 802 caput
1255 755 1495 790 damnaverat

825 807 934 841 Orco.
966 807 1070 854 Ergo
1088 807 1156 841 Iris
1175 806 1311 840 croceis
1337 817 1404 851 per
1421 816 1494 840 coe-

825 857 903 892 lum
933 857 1076 891 roscida
1105 857 1249 902 pennis,
1280 856 1384 890 Mille
1418 860 1494 890 tra-

827 908 920 942 hens
938 908 1054 942 varios
1073 907 1224 942 adverso
1250 907 1324 940 sole
1342 905 1494 946 colores,

828 957 998 998 Devolat,
1033 962 1069 992 et
1095 968 1206 1003 supra
1222 962 1334 1002 caput
1359 956 1494 990 astitit:

830 1007 943 1042 Hunc
984 1019 1055 1054 ego
1092 1007 1174 1042 Diti
1207 1008 1358 1041 Sacrum
1395 1004 1498 1052 jussa

829 1058 921 1098 fero,
954 1062 1064 1104 teque
1094 1058 1165 1092 isto
1197 1068 1351 1102 corpore
1385 1057 1498 1091 solvo.

832 1108 890 1142 Sic
908 1109 971 1149 ait,
1000 1112 1036 1142 et
1062 1108 1192 1142 dextra
1216 1108 1358 1142 crinem
1375 1110 1496 1141 secat:

833 1159 953 1193 omnis
971 1162 1009 1192 et
1022 1170 1099 1193 una
1115 1158 1287 1204 Dilapsus
1304 1157 1416 1197 calor,
1443 1161 1499 1191 at-

833 1220 903 1254 que
925 1209 965 1244 in
991 1214 1119 1242 ventos
1145 1209 1219 1242 vita
1244 1204 1402 1241 recessit.
1440 1207 1498 1241 καὶ

832 1256 866 1294 δὲ
883 1258 910 1292 οἱ
924 1258 978 1304 μὲν
997 1256 1166 1304 ἐμάχοντο,
1194 1257 1207 1291 ὁ
1234 1254 1261 1290 δ’
1287 1255 1499 1302 ἐξένηνξγμὲνος

833 1306 1030 1342 ἐδυσθανάτεέ
1049 1323 1082 1343 τε
1099 1309 1155 1342 καὶ
1181 1305 1278 1350 ἐ’λεγε.
1295 1308 1356 1342 ἂρ.
1372 1308 1418 1342 ix.
1434 1310 1498 1346 72.

834 1358 957 1393 Valla:
987 1358 1037 1393 Et
1063 1370 1178 1406 quum
1203 1359 1282 1392 aliis
1299 1357 1500 1404 pugnanti-

833 1408 913 1449 bus,
940 1409 1016 1455 ipse
1038 1412 1308 1455 exportaretur,
1327 1419 1403 1442 sese
1420 1419 1502 1442 mo·-

835 1460 991 1493 rientem
1018 1459 1273 1499 miserabatur,
1295 1459 1356 1493 &a
1375 1457 1436 1493 AE.
1456 1458 1499 1493 P.

834 1510 957 1557 Atque
988 1510 1051 1544 alii
1080 1509 1229 1557 quidem
1270 1508 1500 1555 pugnabant,

835 1560 895 1594 ille
914 1570 1012 1600 vero,
1031 1571 1117 1594 cum
1137 1558 1203 1606 [ex
1219 1560 1308 1600 acie,
1335 1559 1399 1594 ubi
1424 1558 1499 1593 col-

833 1611 972 1645 locatus
998 1610 1150 1655 fueras]
1180 1615 1392 1655 exportatus
1412 1609 1501 1643 fuis-

833 1664 900 1699 set,
944 1672 982 1694 se
1024 1660 1120 1695 mori
1152 1661 1314 1707 graviter
1346 1659 1500 1699 ferebat,

836 1711 976 1757 [iniquo
992 1711 1117 1745 animo
1133 1710 1286 1750 ferebat,
1315 1710 1412 1757 quod
1434 1710 1504 1744 sibi

835 1761 1068 1795 nmmiendum
1086 1772 1161 1795 esse
1179 1761 1500 1800 animadverteret,

834 1811 915 1852 Vel,
934 1811 1099 1845 Mortem
1117 1812 1244 1858 iniquo
1266 1811 1392 1845 animo
1408 1810 1503 1845 fere-

835 1861 925 1904 bat,]
945 1865 983 1895 ct
999 1861 1155 1902 dicebat,
1179 1862 1241 1896 ἃς.
1270 1860 1361 1895 Vide
1378 1857 1503 1894 δυσ-θαί-

837 1925 936 1951 νιιτον,
956 1917 994 1945 et
1008 1907 1181 1946 δυο-θανέειν
1200 1912 1239 1946 in
1251 1911 1386 1946 OEcon.
1408 1910 1504 1961 Hip-

836 1963 1004 2007 pocratis.

812 2011 994 2056 δυσ-θυμεῖν.
1033 2011 1113 2047 Ion.
1141 2016 1178 2046 et
1206 2016 1304 2058 poet.
1334 2021 1402 2057 pro
1432 2021 1506 2058 quo

837 2073 971 2096 comm.
991 2061 1134 2107 ἀθυμεῖν.
1156 2063 1336 2097 Animum
1350 2061 1507 2107 despon-

838 2111 934 2146 dere.
943 2112 1035 2147 Gall.
1045 2113 1178 2148 Perclre
1188 2124 1346 2157 courage.
1363 2111 1417 2147 Μὴ
1429 2109 1506 2145 δυο--

838 2160 942 2207 Qua.
958 2163 1030 2198 viii.
1051 2166 1132 2198 100.
1151 2163 1276 2198 Valla:
1303 2162 1362 2196 Ne
1379 2161 1506 2196 animo

839 2212 1095 2249 consterneris.
1114 2213 1174 2248 AE.
1194 2213 1234 2248 P.
1261 2213 1320 2248 Ne
1337 2213 1507 2247 animum

839 2262 1075 2309 despondeas.
1117 2264 1267 2303 Gallice,
1300 2263 1355 2297 Ne
1380 2264 1507 2308 perdez

836 2315 939 2358 point
968 2325 1125 2359 courage.
1168 2313 1316 2349 Dicitur
1353 2318 1390 2348 et
1429 2310 1506 2347 δυσ-

839 2363 1021 2407 θυμοῦμαι,
1076 2375 1144 2409 pro
1203 2361 1368 2408 δυσθυμῧ.
1429 2363 1506 2398 Eu-

842 2413 949 2458 ripid.
988 2415 1028 2447 in
1064 2413 1168 2454 Ione,
1213 2425 1285 2448 ver.
1328 2416 1415 2448 265.
1473 2413 1509 2448 τί

840 2461 938 2510 χξῧμ]
955 2461 1131 2511 ἀνεξεῦνητοι
1156 2460 1306 2511 δυσθυμῇ
1330 2462 1443 2506 ‘yz'srou3
1470 2464 1507 2498 id

837 2519 904 2553 est,
925 2513 1176 2550 Quamobrem
1193 2514 1335 2548 occulte
1352 2513 1507 2559 despon-

841 2563 903 2597 des
920 2564 1086 2598 animum
1104 2564 1262 2598 mulier?
1284 2563 1376 2597 Vide
1394 2564 1507 2610 parti-

843 2613 962 2648 culam
992 2611 1045 2652 δυς
1071 2614 1112 2649 in
1136 2614 1225 2649 Lex.
1254 2613 1345 2649 Dor.
1363 2613 1403 2647 in
1419 2624 1507 2648 voce

842 2659 978 2702 δυσ-τους.

818 2709 1006 2761 δυο-μοξφιή,
1023 2730 1069 2755 ης,
1088 2713 1115 2750 ἦ.
1143 2713 1192 2749 N.
1213 2712 1264 2748 H.
1286 2723 1354 2760 pro
1371 2723 1504 2748 COmm.

871 2773 882 2795 1
902 2767 925 2797 4
