1732 3045
302 334 802 402 AEMILIUS
864 339 1293 407 PORTUS

401 480 668 518 FRANCISCI
686 483 839 520 PORTI
859 484 1137 523 CRETENSIS
1155 488 1196 525 F.

181 591 552 634 LECTORIBUS
575 594 812 635 GRAECAE
838 596 1084 639 LINGUAE
1107 599 1418 644 STUDIOSIS

695 722 737 761 S.
770 721 818 761 P.
852 722 906 762 D.

112 834 307 901 INTER
338 869 493 901 ceteras
528 861 739 902 Dialectos
776 863 960 915 (Graecae
996 862 1170 917 Linguae
1204 864 1377 906 studiosi
1413 868 1491 909 Le-

111 929 262 976 ctores)
311 942 403 980 quae
443 927 659 981 plerosque
700 938 869 984 propter
911 928 1182 982 multiplicem
1224 931 1490 974 obscuritatis

111 993 396 1033 difficultatem
413 1008 437 1032 a
450 993 691 1033 Graecarum
710 995 920 1034 literarum
935 994 1081 1033 studiis
1096 994 1316 1046 deterrent,
1333 1013 1491 1049 omneS‚

109 1059 179 1112 qui
211 1059 383 1099 Graecos
413 1068 599 1098 auctores
631 1060 832 1110 volutant,
871 1059 1058 1099 Ionicam
1096 1070 1137 1099 et
1175 1060 1374 1102 Doricam
1405 1065 1491 1104 sine

111 1124 390 1163 controversia
412 1124 641 1179 principem
662 1123 798 1165 locum
822 1133 961 1165 tenere
981 1125 1245 1165 confitentur.
1288 1128 1491 1172 Quamvis

113 1199 249 1229 autem
270 1199 364 1229 ante
386 1204 459 1229 nos
481 1199 522 1229 et
542 1190 610 1229 alii
632 1191 812 1230 nominis
833 1205 917 1229 non
938 1190 1087 1244 ignoti,
1117 1205 1192 1230 nec
1216 1191 1394 1246 vulgaris
1417 1195 1490 1233 do-

112 1255 255 1294 ctrinae
278 1256 368 1304 viri,
392 1255 489 1295 satis
510 1255 670 1309 prolixe
695 1256 857 1310 scriptis
878 1256 1019 1295 cadem
1043 1257 1125 1295 sint
1153 1259 1371 1310 persecuti,
1402 1260 1492 1299 nul-

111 1321 173 1360 lus
196 1330 331 1359 tamen
352 1335 494 1360 eorum
513 1321 605 1361 haec
626 1322 761 1361 adhuc
783 1322 841 1360 ita
862 1321 1070 1370 tractavit,
1099 1330 1144 1360 ut
1165 1332 1334 1362 cunctas
1359 1323 1492 1365 Ionis-

112 1401 274 1426 morum
304 1395 344 1425 et
376 1386 665 1429 Dorismorum
697 1398 832 1440 partes
861 1387 983 1426 certis
1006 1388 1356 1441 praeceptionibus
1378 1390 1493 1430 coni-

113 1452 346 1506 preheusas,
375 1462 417 1492 et
446 1453 487 1491 in
519 1453 783 1507 perspicuum
814 1452 1000 1492 ordinem
1030 1453 1230 1502 redactas,
1260 1455 1379 1494 nobis
1403 1457 1493 1496 reli-

111 1518 261 1570 querit,
290 1519 341 1557 ad
371 1532 542 1572 quarum
574 1532 760 1557 normam
792 1517 932 1557 omnia
961 1516 1081 1557 facile
1114 1518 1360 1572 dirigantur,
1399 1536 1491 1574 quae

114 1584 177 1623 vel
207 1583 349 1623 Iouice
384 1585 444 1623 vel
478 1583 632 1623 Dorice
654 1583 860 1638 leguntur,
894 1591 965 1622 aut
991 1597 1084 1636 quae
1116 1597 1191 1622 nos
1213 1584 1291 1637 ipsi
1315 1586 1493 1626 scribere

112 1649 316 1703 cupimus.
362 1649 603 1694 Quinetiam
631 1650 850 1703 scriptores
875 1648 942 1687 isti
978 1648 1153 1701 plurima
1192 1649 1356 1690 silentio
1387 1666 1492 1705 prae-

113 1715 325 1764 terierunt,
355 1730 530 1768 quorum
560 1715 748 1768 cognitio
779 1728 860 1753 non
893 1713 1024 1753 solum
1063 1714 1125 1763 iis,
1156 1715 1224 1768 qui
1256 1715 1494 1757 liberalibus

111 1795 246 1820 rerum
273 1781 545 1820 humanarum
576 1779 819 1834 disciplinis,
849 1789 891 1818 et
921 1779 1111 1833 ingenuis
1141 1781 1298 1820 artibus
1325 1795 1494 1835 operam

113 1855 280 1897 navant,
313 1855 374 1885 est
399 1846 582 1886 maxime
596 1845 868 1885 'necessariaz
902 1845 971 1884 sed
1005 1844 1081 1883 illis
1114 1846 1254 1895 etiam,
1286 1848 1356 1899 qui
1382 1847 1424 1886 S.
1448 1849 1489 1888 S.

111 1912 353 1966 Theologiae
376 1912 490 1951 seriis
519 1911 876 1959 meditationibus,
908 1920 949 1949 et
978 1910 1151 1949 assiduis
1181 1913 1493 1953 exercitationi-

113 1979 203 2028 bus,
225 1978 407 2017 animum
433 1977 644 2017 addicunt.
691 1977 905 2021 Quantum
937 1975 1045 2014 enim
1077 1976 1372 2016 detrimentum
1402 1978 1493 2020 haec

116 2045 344 2084 Literarum
367 2043 609 2083 Graecarum
632 2041 840 2095 ignoratio
861 2040 1019 2080 miseris
1041 2041 1297 2094 superiorum
1320 2050 1492 2084 aetatum

111 2109 353 2150 mortalibus
388 2108 584 2157 attulerit,
620 2117 820 2161 quantum
856 2120 965 2145 nunc
999 2106 1124 2145 etiam
1166 2108 1370 2147 sexcentis
1412 2116 1494 2148 ter-

112 2191 246 2217 rarum
270 2175 446 2230 populis,
465 2185 506 2213 et
527 2173 764 2213 nationibus
786 2171 945 2220 afferat,
963 2186 1055 2224 quae
1072 2172 1251 2211 nominis
1266 2172 1494 2214 Christiani

114 2241 368 2296 professione
389 2240 631 2294 gloriantur,
653 2238 750 2291 quid
774 2252 877 2291 opus
899 2245 959 2276 est
982 2241 1164 2278 narrare?
1193 2238 1430 2289 Videamus,
1453 2248 1494 2279 et

113 2316 270 2348 attente
299 2306 598 2361 perpendamus
629 2318 689 2352 ea,
724 2318 816 2356 quae
851 2302 1097 2342 fidelissimis
1129 2302 1314 2343 historiae
1346 2319 1494 2345 monu-

114 2374 262 2413 mentis
284 2372 527 2427 produntur.
566 2370 788 2409 Videamus
810 2369 909 2422 quid
931 2383 1026 2407 usus
1050 2369 1343 2422 ipse,*virtutis
1376 2371 1494 2410 vitae-

113 2453 194 2493 que
230 2437 591 2493 praestantissinms
631 2434 849 2488 Magister,
886 2434 1073 2487 quotidie
1110 2434 1230 2473 nobis
1267 2434 1494 2476 clarissima

114 2519 215 2544 voce
237 2505 381 2552 dictet,
411 2516 458 2541 ac
488 2501 676 2554 imperet.
720 2499 814 2538 Hoc
836 2499 897 2538 usi
923 2499 1199 2553 Praeceptore,
1222 2499 1253 2538 si
1274 2508 1383 2539 recte
1404 2515 1493 2540 mo·-

115 2571 229 2610 nenti
251 2583 407 2609 morem
434 2581 638 2622 gerarum,
671 2565 900 2604 commodis
931 2564 1161 2617 honorique
1188 2573 1327 2604 nostro
1348 2565 1494 2606 melius

116 2636 388 2677 consulemus.
429 2633 489 2674 Ut
519 2632 645 2686 igitur
669 2645 764 2684 eg0‚
798 2644 871 2684 pro
902 2643 1086 2669 mearum
1109 2629 1257 2670 virium
1279 2631 1494 2682 tenuitate,
