1732 3045
354 110 409 139 m·

6 219 7 223 ¹
57 199 247 252 προδιδόναι.
275 203 467 239 Interdum
496 206 566 240 hoc
591 204 742 240 verbum

62 254 179 299 ‹apud
208 253 442 289 Herodotum
472 255 648 290 tribuitur
676 255 743 290 flu-

79 303 156 342 viis,
181 305 243 350 qui
269 315 344 338 non
370 305 455 339 satis
484 316 662 352 aquarum
678 306 743 340 ha-

79 351 180 392 bent,
210 365 297 400 quas
323 355 430 389 alicui
452 355 506 390 vel
535 356 742 396 hominum,

79 402 136 436 vel
165 403 370 444 brutorum,
400 416 553 440 numero
575 405 743 452 suppedi-

51 477 54 480 .
79 455 171 492 tent,
186 458 228 488 ut
245 465 372 489 eorum
388 455 486 490 sitim
500 455 742 502 restinguant.

81 498 174 536 Οὐδέν
190 517 245 548 μοι
257 503 375 548 θώόμοι
392 504 576 553 vagis-wrm
591 503 743 553 πξοδὲνοιι

78 550 122 585 τὰ
154 552 259 600 ῥέεθξαι
291 554 350 588 ’νῦν
384 556 535 601 ποταμῶν
570 554 656 589 ἐνίων.
684 556 742 590 vii.

83 604 165 641 187.
201 602 305 638 Valla
333 615 537 650 perperam,
564 605 648 643 Quo
675 606 743 640 mi-

78 662 146 686 nus
164 653 279 688 miror
296 654 482 699 proditum
500 667 587 696 esse,
606 656 745 690 fluenta

77 702 246 748 quaedam
264 715 340 738 non
352 705 645 750 suppeditavisse.
664 706 742 740 Ste-

77 752 220 797 phanus
235 753 345 800 longe
363 756 504 796 melius,
521 756 660 790 Mirum
675 757 742 791 rni-

78 801 117 836 hi
140 813 215 837 non
239 804 379 839 videtur
409 806 638 852 quorundam
665 819 743 841 am-

78 852 183 887 nium
199 853 337 889 fluenta
361 855 532 890 defecisse
550 860 605 890 tot
623 857 742 891 hoini-

77 912 168 937 num
194 904 318 938 millia.
360 905 420 940 AE.
443 906 482 941 P.
521 906 604 941 Hoc
634 907 744 941 verba

76 958 219 988 sonant.
263 954 376 989 Nulla
415 956 609 991 admiratio
651 958 742 991 mihi

76 1002 207 1043 adstat,
226 1004 248 1039 i.
266 1004 380 1039 Nullo
392 1007 504 1041 modo
517 1007 643 1048 miror,
662 1007 741 1047 Vel,

76 1050 191 1087 Nullo
208 1055 318 1089 modo
336 1056 427 1090 mihi
445 1058 580 1091 mirum
598 1058 743 1092 videtur

76 1105 341 1140 nonnullorum
380 1107 573 1141 fluviorum
605 1108 743 1143 fluenta

44 1175 47 1177 >
80 1152 238 1197 [tantam
257 1155 462 1196 hominum,
489 1169 530 1191 ac
548 1157 742 1193 brutorum

76 1203 302 1245 animalium,
317 1207 606 1251 multitudinem]
622 1208 741 1254 prodi-

75 1251 180 1294 disse,
197 1254 422 1300 [deseruisse.
435 1257 615 1296 defecisse,
629 1263 742 1293 tantae

76 1304 303 1341 multitudini
321 1306 495 1341 sufficere.
510 1313 640 1353 potum
657 1320 740 1355 sup-

74 1354 238 1399 peditare
257 1367 332 1390 non
350 1357 543 1404 potuisse]
565 1358 632 1393 Est
642 1359 742 1393 enim

75 1401 268 1439 ἔλλειπτικόν
279 1406 451 1453 loquendi
464 1419 595 1454 genus,
607 1415 644 1443 et
657 1409 741 1443 sub-

74 1453 299 1490 audiendum
316 1456 443 1490 τοο-ἕτον
461 1457 641 1506 ἀνθξώπων,
664 1460 741 1493 ὑπο-

75 1501 204 1548 ζυγίων,
220 1507 345 1543 κτηνῶν,
363 1508 419 1541 καὶ
437 1505 518 1553 ζώων
535 1506 644 1542 ἄλλων
657 1511 742 1547 πλῆ-

74 1553 141 1594 θος,
177 1560 218 1590 ut
252 1561 352 1602 patet
386 1557 470 1592 ibid.
515 1558 581 1592 Est
616 1567 740 1594 autem

74 1607 292 1651 metaphora
314 1613 435 1642 sumta
463 1620 484 1642 a
510 1608 616 1643 rebus
640 1610 741 1644 belli-

75 1655 138 1694 eis,
166 1657 205 1690 in
231 1656 362 1703 quibus
389 1658 497 1692 amici
520 1664 556 1693 et
575 1660 664 1694 socii
684 1672 740 1694 so-

75 1706 148 1740 cios
166 1711 203 1741 et
221 1708 355 1741 amicos
373 1719 467 1753 saepe
488 1709 662 1754 produnt,
679 1710 742 1745 de-

73 1761 213 1798 serunt,
245 1769 311 1792 nec
339 1768 446 1803 opem
472 1760 556 1804 ipsis
579 1759 741 1796 debitam

74 1805 209 1842 ferunt.
237 1807 329 1842 Vide
351 1806 496 1852 ἀντέχειν,
517 1810 684 1855 ἀντισχεῖν,
704 1816 741 1845 et

2 1854 4 1875 :
40 1877 43 1879 >
73 1858 241 1905 ἐντιχςῖὶν,
265 1858 330 1893 ubi
356 1858 400 1892 de
428 1869 467 1892 re
488 1859 615 1894 eadem
633 1860 742 1896 verba

74 1907 179 1942 fiunt.
210 1908 311 1942 Idem
336 1908 498 1949 verbum,
526 1910 741 1946 munitioni-

38 1977 42 1980 *
74 1957 140 1992 bus
159 1958 350 1996 tributum,
371 1959 553 2005 significat
571 1972 630 1994 eas
648 1973 740 2007 prae-

75 2014 131 2043 ter
148 2014 312 2043 nostram
337 2020 438 2054 spem
456 2021 531 2044 non
551 2022 654 2056 posse
673 2013 740 2046 mi-

74 2058 156 2092 lites
186 2059 224 2092 in
251 2059 293 2092 iis
321 2060 508 2094 conclusos
533 2062 658 2095 tutari.
686 2065 742 2096 τοῦ

75 2109 262 2156 φξῇγμοιτος
306 2105 540 2157 πςοδεὸωκότος.
575 2111 647 2146 viii.
681 2116 739 2147 5⁶2.

75 2160 169 2193 Cum
188 2159 323 2193 vallum
351 2159 482 2206 [ipsos]
509 2161 739 2206 prodidisset,

74 2209 97 2243 i.
133 2214 268 2254 praeter
301 2210 611 2254 exspectationem
645 2213 740 2257 ipsos

73 2259 210 2293 diutius
225 2260 335 2294 tutari
354 2270 429 2293 non
447 2262 632 2306 potuisset.
649 2262 740 2297 Vide

74 2311 221 2357 φξῧνμκ·

50 2356 233 2406 πςόδξομος,
248 2359 273 2394 ὁ.
287 2370 419 2393 comm.
433 2359 651 2396 Praecursor.
663 2363 739 2396 An-

74 2415 248 2443 tecursor.
279 2410 371 2444 Gall.
400 2411 690 2447 Avant-cozcreur.
716 2413 740 2447 i.

77 2463 135 2493 60.
153 2459 198 2493 iv.
221 2462 303 2499 121,
328 2463 406 2494 1222.

2 2506 4 2511 ’
50 2507 232 2558 πξόδςομος,
260 2509 347 2544 ὁκαὶ
366 2509 391 2546 ἡ.
415 2522 548 2546 comm.
576 2511 740 2546 Praecur-

74 2570 143 2593 sor.
171 2559 247 2599 Vel,
267 2560 358 2596 Quae
378 2562 579 2606 praecurrit.
604 2562 740 2603 ἀγγελίη

74 2606 256 2657 πξοδςομος.
287 2611 335 2644 ix.
368 2614 422 2644 14.
457 2610 619 2645 Nuntius
649 2623 741 2657 prae-

74 2670 211 2692 cursor.
243 2660 266 2693 i.
298 2663 355 2705 (ut
378 2659 482 2695 Valla
502 2662 625 2706 vertit)
656 2673 739 2709 pro-

74 2719 216 2755 perans.

1136 109 1190 140 ΠΡ

793 199 959 251 areauna
978 201 1060 240 ἧλίε.
1094 203 1152 239 Sic
1169 205 1305 252 legitur
1322 206 1378 242 vii.
1402 211 1483 244 14⁹.

817 251 888 287 Sed
915 254 973 300 oreb
993 250 1095 292 δῦντος
1112 256 1307 301 separatim
1324 257 1485 292 scriben-

817 302 906 338 dum
929 302 1082 338 videtur.
1109 305 1318 352 Antequam
1347 308 1401 341 sol
1423 319 1484 341 oc-

818 352 957 387 ciderit.
984 354 1081 387 Ante
1097 355 1181 389 solis
1199 367 1377 391 occasum.
1405 357 1485 392 Pri-

817 403 869 437 sci
893 401 1017 437 Latini
1044 404 1218 439 dixissent
1235 407 1359 448 etiam,
1386 409 1485 442 Ante

819 452 940 486 Solem
956 463 1135 494 occasum,
1154 461 1195 490 ut
1215 461 1314 501 patet
1327 469 1372 492 ex
1389 459 1485 493 anti-

819 503 881 549 qui
899 502 922 536 J
924 503 999 537 uris
1021 502 1243 550 fragmento,
1262 506 1323 540 Sol
1341 518 1485 543 occasos

819 563 988 598 soprema
1020 557 1217 600 tempestas
1250 557 1364 591 estod.
1405 569 1484 605 pro,

819 602 881 637 Sol
905 613 1051 637 occasus
1084 615 1255 651 suprema
1288 611 1486 654 tempestas

820 659 910 688 esto.

795 699 949 750 πςοεὸξίη.
982 703 1062 738 Ion.
1080 715 1149 751 pro
1171 716 1305 741 comm.
1328 705 1484 757 πςοεδςίσε.

819 753 992 799 Princeps
1006 755 1044 788 in
1061 755 1220 789 sedendo
1233 755 1343 792 locus.
1373 758 1416 792 In
1430 771 1485 793 se-

819 802 940 837 dendo
968 806 1220 852 praerogativa.
1251 807 1343 842 Gall.
1364 809 1486 843 Ρνέεέ-

819 865 912 888 (lnce.
932 854 954 888 i.
976 857 1033 889 54.
1079 853 1103 888 ἓν
1130 853 1275 904 πξοεὸξίῃ
1308 859 1486 905 κατήμενος.

818 903 864 938 ln
880 904 1045 950 principe
1055 916 1243 941 consessus
1256 907 1338 942 loco
1348 910 1486 946 sedens.

817 953 864 987 iv.
885 956 943 989 88.
962 955 1005 989 vi.
1021 958 1079 994 57.
1094 956 1142 989 ix.
1156 959 1216 995 73.

793 1003 1001 1051 πξοελῆλοιτο.
1014 1008 1048 1039 3.
1070 1016 1213 1051 person.
1233 1007 1326 1054 sing.
1340 1014 1486 1055 praeter.

818 1054 932 1100 plusq.
948 1066 982 1100 p.
995 1066 1086 1100 pass.
1105 1055 1185 1090 lon.
1200 1061 1236 1090 et
1248 1058 1324 1092 Att.
1337 1059 1486 1096 formati

818 1115 840 1137 a
866 1103 1055 1152 πςοελοιὺνω.
1088 1120 1125 1150 μ.
1156 1106 1332 1154 πεοελαίσω.
1359 1122 1380 1144 a
1407 1125 1484 1159 orgo-

818 1152 914 1193 ελιέω,
946 1156 980 1189 ω’.
1011 1156 1132 1191 aorist.
1161 1160 1191 1191 l.
1216 1164 1284 1192 aet.
1303 1159 1485 1207 πςοῆλσισ-οι.

818 1203 909 1249 perf.
943 1204 1123 1252 πςοῆλοικαι.
1158 1211 1195 1240 et
1228 1207 1307 1243 Ion.
1342 1215 1379 1244 et
1406 1212 1484 1247 Att.

818 1253 1034 1301 πξοελνὶλοικοι.
1065 1256 1155 1302 perf.
1182 1269 1273 1303 pass,
1305 1260 1485 1307 πςοελῆλοι-

815 1318 888 1348 μαι.
917 1305 1030 1351 plusq.
1049 1317 1083 1351 p.
1114 1308 1347 1355 πξοεληλοίμην,
1371 1325 1417 1349 σο,
1437 1326 1485 1347 το.

818 1353 991 1389 Procedo.
1010 1355 1243 1403 Progredior.
1271 1357 1307 1396 ὡς
1332 1357 1362 1393 δὲ
1379 1361 1486 1408 vrgo‘w

817 1405 868 1441 τῆς
889 1405 992 1443 νυκτὸς
1011 1406 1218 1453 πςοελήλοιτο.
1236 1408 1283 1443 ix.
1302 1413 1361 1444 44.
1390 1411 1484 1447 Cum

818 1459 942 1488 autem
961 1455 1056 1490 illius
1075 1458 1191 1491 noctis
1213 1458 1375 1506 [tempus
1387 1459 1484 1506 jam]

817 1505 945 1549 procul
986 1508 1230 1551 processisset.
1274 1509 1354 1551 Vel,
1389 1512 1485 1547 Cum

816 1560 941 1589 autem
965 1567 1039 1590 nox
1058 1555 1139 1602 jam
1157 1559 1316 1594 multum
1340 1572 1485 1607 proces·

816 1605 930 1640 sisset.
959 1605 1115 1642 Videtur
1140 1609 1239 1643 enim
1265 1610 1485 1647 subaudien-

817 1655 906 1689 dum
923 1655 1042 1704 χςόνος,
1069 1664 1112 1692 ut
1138 1659 1190 1692 ita
1206 1659 1329 1694 locum
1347 1661 1482 1697 intelli-

816 1716 894 1751 gas,
913 1706 1007 1740 Cum
1026 1715 1150 1742 autem
1168 1714 1313 1755 tempus
1329 1711 1375 1746 ad
1389 1713 1485 1748 mul-

816 1761 894 1790 tam
928 1763 1074 1792 noctem
1105 1760 1346 1804 processisset.
1390 1761 1483 1798 Haec

817 1806 917 1840 enim
935 1806 981 1840 ad
999 1808 1150 1843 verbum
1168 1820 1245 1844 non
1269 1812 1356 1845 satis
1382 1824 1483 1848 com-

817 1856 925 1890 mode
937 1856 1039 1891 reddi
1057 1864 1213 1904 possent.
1240 1860 1298 1895 Sic
1316 1866 1354 1896 et
1371 1862 1480 1904 Galli,

818 1906 874 1941 La
894 1908 971 1940 nuit
998 1905 1094 1942 e‘tcmt
1122 1908 1203 1953 dejci.
1221 1910 1296 1945 bien
1324 1914 1481 1948 avance‘e.

817 1956 897 1998 Vel,
919 1957 969 1991 Le
983 1962 1091 2004 temps
1110 1961 1198 1994 dela
1214 1962 1292 1995 nuit
1308 1961 1407 1997 e‘tant
1425 1963 1482 1998 (Ιέ-

810 2006 856 2051 jd
875 2009 951 2042 bien
966 2013 1083 2043 avant.

793 2057 1019 2106 πξοεξωΐπ-ειν.
1049 2058 1090 2093 V.
1112 2059 1158 2094 H.
1179 2060 1370 2098 Pl'Ol'uel'e.
1420 2064 1481 2100 Ex

817 2108 938 2155 aliquo
957 2108 1038 2142 loco
1055 2109 1093 2143 in
1111 2110 1269 2158 aliquem
1290 2118 1376 2147 ante
1392 2115 1481 2150 alios

816 2169 933 2192 ruere.
963 2158 1216 2206 πξοεξοιῗσσοντες
1243 2160 1318 2196 κατ’
1342 2160 1403 2203 ἕνκ,
1423 2167 1479 2200 καὶ

816 2203 901 2243 δέκα.
922 2209 968 2242 ix.
988 2212 1046 2243 62.
1085 2209 1134 2244 Et
1157 2211 1303 2257 singuli,
1325 2218 1362 2247 et
1379 2214 1477 2257 deni,

817 2265 1032 2303 proruentes
1058 2258 1114 2306 [in
1132 2260 1304 2307 hostem]

792 2307 1073 2355 πξοεξανίςοισθκι.
1101 2321 1234 2346 comm.
1275 2313 1373 2348 Ante
1390 2315 1480 2350 alios

816 2370 977 2404 surgere.
995 2359 1066 2393 viii.
1087 2363 1145 2396 59.

792 2405 967 2456 πςοεξὲέςη,
986 2424 1029 2447 ῆς,
1052 2408 1079 2445 ἦ.
1107 2410 1153 2445 N.
1174 2410 1222 2446 H.
1253 2412 1357 2447 Valla
1383 2414 1480 2449 Prae-

818 2459 956 2493 torium
980 2461 1098 2494 vertit.
1118 2461 1175 2495 vii.
1195 2466 1254 2497 44.
1298 2463 1367 2497 Sed
1394 2476 1478 2510 pro-

817 2509 894 2554 prie
920 2509 969 2542 sic
997 2511 1203 2555 appellatur
1222 2512 1322 2546 sedes
1350 2514 1388 2546 in
1415 2515 1480 2548 ali·

818 2569 890 2604 quo
916 2559 998 2593 loco
1025 2562 1249 2605 prominens,
1277 2570 1314 2595 et
1348 2570 1483 2609 praeter

818 2614 955 2642 ceteras
983 2611 1160 2651 eminens,
1177 2623 1219 2646 ac
1240 2612 1394 2647 ulterius
1420 2626 1481 2649 ex-

818 2669 980 2693 currens.

793 2707 1026 2755 πςοεο-οίξαντο)
1051 2708 1292 2755 &genofife-mro.
1319 2712 1398 2747 Ion.
1417 2724 1481 2749 ne-
