1732 3045
360 111 427 142 KH

81 207 182 243 bant.
210 205 396 252 Principio
424 205 601 253 pinguem
629 205 745 245 taedis,

84 263 123 293 et
146 256 276 293 robore
297 263 397 291 secto
426 256 623 303 Ingentem
651 261 746 290 stru-

83 319 169 342 xere
198 318 335 353 pyram,
364 307 424 341 cui
447 305 638 340 frondibus
658 305 747 340 atris

82 358 258 392 Intexunt
284 356 409 394 latera,
436 361 473 390 et
505 356 634 390 ferales
661 360 747 389 ante

83 417 268 453 cupressos
287 406 540 446 Constituunt,
555 405 747 440 decorant-

84 469 152 505 que
162 468 271 504 super
283 456 509 503 fulgentibus
520 456 640 490 armis.
660 455 747 490 Pars

83 507 216 542 calidos
242 507 378 547 latices,
404 511 442 541 et
467 507 587 541 ahena
602 505 747 540 undan-

82 557 135 592 tia
159 557 314 592 flammis
342 556 567 602 Expediunt,
597 566 747 602 corpus-

84 619 154 655 que
182 608 305 642 lavant
324 607 493 654 frigentis
521 611 558 641 et
583 611 743 653 ungunt.

82 657 143 693 Fit
158 658 338 705 gemitus:
359 662 439 691 tum
457 656 624 692 membra
638 657 747 691 thoro

82 707 214 743 defleta
237 713 435 754 reponunt,
468 707 746 754 Purpureasque

81 769 191 805 super
203 764 330 795 vestes.
344 758 524 792 velamina
535 762 636 796 nota,
649 757 746 792 Con-

76 806 222 854 jiciunt.
247 819 326 855 pars
343 808 488 855 ingenti
500 808 644 842 subiere
658 808 747 852 phe-

83 864 195 899 retro,
206 858 327 893 Triste
338 859 598 898 ministerium,
613 862 650 891 et
663 857 746 891 sub-

77 907 216 955 jectam
249 920 352 944 more
392 917 588 955 parentum
621 908 748 942 Aversi

83 965 234 994 tenuere
276 959 404 994 facem.
451 964 629 1005 congesta
669 969 746 992 cre-

82 1015 233 1045 mantur
242 1010 391 1045 Thurea
404 1009 512 1049 dona,
530 1009 651 1054 dapes,
667 1008 748 1042 fuso

84 1065 241 1094 crateres
255 1061 361 1095 olivo.
389 1060 587 1106 Postquam
601 1058 749 1104 collapsi

82 1111 235 1151 cineres,
250 1116 287 1145 et
304 1111 452 1144 flamma
469 1110 616 1156 quievit,
636 1108 749 1143 Relli-

85 1162 187 1207 quias
230 1162 315 1195 vino
358 1165 395 1195 et
434 1160 598 1194 bibulam
630 1160 749 1193 lavere

83 1212 254 1251 favillam,
270 1207 431 1258 Ossaque
442 1211 537 1244 lecta
551 1209 642 1245 cado
659 1210 751 1244 texit

84 1263 288 1297 Chorineus
310 1262 441 1296 aheno.
480 1261 584 1295 Idem
611 1265 669 1294 ter
693 1270 750 1293 so-

33 1319 36 1323 ”
83 1313 158 1348 cios
174 1324 267 1359 pura
281 1311 506 1347 circumtulit
519 1310 629 1350 unda,
643 1310 751 1356 Spar-

84 1374 176 1411 gens
206 1374 289 1398 rore
315 1363 396 1402 levi,
434 1367 470 1396 et
499 1372 604 1395 ramo
639 1360 751 1395 felicis

83 1414 201 1454 olivae,
228 1413 487 1460 Lustravitque
506 1412 613 1451 viros,
643 1410 751 1446 dixit-

86 1476 156 1511 que
191 1463 386 1498 novissima
418 1462 536 1496 verba.
583 1463 634 1496 At
672 1462 751 1508 pius

84 1513 222 1549 AEneas
251 1513 396 1560 ingenti
423 1512 519 1548 mole
543 1511 752 1558 sepulcrum

85 1564 264 1611 Imponit,
294 1575 431 1611 suaque
455 1574 559 1598 arma
580 1561 670 1602 viro,
695 1573 752 1596 re-

85 1626 262 1662 mumque
293 1614 504 1660 tubamque‚
528 1612 659 1647 Monte
686 1612 752 1646 sub

85 1666 197 1706 aerio,
226 1665 288 1712 qui
305 1674 402 1699 nunc
428 1663 596 1698 Misenus
617 1662 663 1697 ab
690 1663 753 1697 illo

85 1715 245 1756 Dicitur,
277 1719 529 1761 aeternumque
559 1717 661 1748 tenet
688 1724 754 1759 per

85 1767 206 1801 secula
223 1776 370 1800 nomen.
397 1764 501 1799 Idem
519 1763 605 1798 AEn.
623 1763 684 1798 lib.
703 1764 752 1798 xi.

86 1828 159 1852 ver.
182 1820 262 1851 184.
290 1815 448 1850 militare
476 1814 587 1849 funus
614 1814 666 1848 ita
690 1813 753 1848 de-

86 1868 223 1906 scribit,
253 1866 339 1900 Jam
368 1869 473 1911 pater
498 1864 648 1903 AEneas,
673 1861 753 1908 jam

86 1929 199 1953 curvo
221 1918 260 1951 in
280 1916 403 1959 littore
419 1915 592 1950 Tarchon
610 1915 753 1949 Consti-

86 1972 191 2003 tuere
208 1968 322 2014 pyras.
340 1966 413 2000 huc
429 1976 583 2011 corpora
603 1965 753 2012 quisque

86 2030 238 2054 suorum
251 2016 358 2051 More
371 2017 487 2051 tulere
498 2019 658 2062 patrum,
669 2014 753 2049 sub-

79 2067 261 2116 jectisque
284 2067 431 2114 ignibus
459 2066 548 2100 atris
574 2064 755 2100 Conditur

85 2120 127 2155 in
158 2118 328 2154 tenebras
357 2117 473 2151 altum
498 2116 655 2162 caligine
682 2125 753 2149 coe-

88 2170 178 2205 lum.
204 2169 278 2203 Ter
292 2168 431 2202 circum
445 2177 626 2206 accenSOS‚
643 2165 754 2199 cincti

88 2219 315 2267 fulgentibus
329 2217 451 2257 armis,
471 2216 678 2251 Decurrere
694 2227 754 2249 ro-

88 2281 166 2318 gos,
190 2275 249 2305 ter
275 2273 448 2303 moestum
473 2266 611 2301 funeris
630 2266 754 2312 ignem

89 2320 309 2356 Lustravere
336 2319 375 2353 in
391 2318 505 2365 equiS,
522 2316 754 2362 ululatusque

90 2381 153 2405 ore
185 2370 330 2405 dedere.
360 2368 554 2414 Spargitur
582 2371 620 2401 et
648 2366 755 2400 tellus

89 2421 268 2467 lacrymis,
286 2424 511 2465 sparguntur
528 2421 566 2451 et
580 2428 692 2451 arma.
720 2416 755 2449 lt

90 2471 182 2506 coelo
204 2470 413 2516 clamorque
429 2469 560 2505 virum,
587 2468 755 2512 clangor-

91 2532 162 2568 que
191 2520 375 2555 tubarum.
415 2518 514 2552 Hinc
540 2517 611 2551 alia
641 2516 757 2562 spolia

93 2571 216 2606 occisis
249 2570 392 2616 direpta
419 2567 562 2603 Latinis
596 2564 755 2611 Conjici-

92 2625 162 2655 unt
178 2621 270 2667 igni,
300 2619 433 2666 galeas,
458 2628 632 2664 ensesque
650 2616 756 2650 deco-

91 2681 165 2711 ros,
187 2671 401 2716 Fraenaque,
427 2668 680 2713 ferventesque
698 2677 757 2700 ro-

93 2726 166 2765 tas;
195 2731 278 2767 pars
295 2729 451 2755 munera
468 2722 568 2758 nota,
584 2717 756 2763 Ipsorum

1147 108 1194 140 M

821 205 976 252 clypeOS,
991 210 1028 240 et
1041 216 1117 240 non
1126 206 1245 241 felicia
1254 205 1338 242 tela.
1360 205 1484 242 Multa

821 254 935 290 boum
963 256 1058 290 circa
1092 261 1301 291 mactantur
1330 267 1483 303 corpora

822 307 944 341 morti.
972 306 1227 353 Setigerosque
1241 319 1334 347 sues,
1347 312 1485 353 raptas-

823 367 892 402 que
916 368 960 391 ex
983 357 1153 390 omnibus
1186 358 1283 403 agris
1312 357 1358 392 In
1383 357 1486 392 flam-

822 417 921 440 mam
938 405 1114 453 jugulant
1131 407 1297 452 pecudes,
1329 407 1489 442 Consule

822 460 859 490 et
879 456 1031 491 Homer.
1049 456 1152 491 Iliad.
1171 461 1211 490 Ψ.

797 506 951 547 mmmmm,
985 506 1031 541 τό.
1071 507 1379 545 Instrumentum,
1414 518 1486 555 quo

823 567 917 604 aqua
927 568 946 591 e
960 557 1080 603 puteis
1092 557 1269 591 hauritur.
1287 558 1369 594 σῖτος
1384 565 1488 594 κηλω-

824 606 906 640 ulam
926 604 1096 655 ἀξδόμενος.
1114 606 1371 647 Frumentum,
1391 607 1489 654 quod

823 657 972 691 celoniis
985 658 1169 704 irrigatur.
1196 655 1301 691 Valla
1310 667 1396 691 vero
1411 668 1490 692 ver·

823 708 881 747 tit,
900 707 1096 742 scrobibus.
1128 707 1199 742 Sed
1224 707 1368 741 scrobes
1389 707 1489 741 aliud

823 758 846 793 i.
869 761 949 794 193.
977 769 1044 804 pro
1074 757 1202 792 eodem
1226 757 1371 792 dicitur.
1394 765 1489 795 κηλο-

824 807 906 844 νῆϊον.
934 809 964 842 si
991 807 1102 842 modo
1124 807 1239 842 codex
1265 818 1383 842 sanus.
1402 807 1489 841 alio-

824 859 886 905 qui
903 858 1062 896 nani'iov
1079 858 1264 893 videretur
1280 857 1490 893 dicendum.

824 908 986 943 ἀντλὲετοιι
1007 908 1164 953 κηλονηῗῳ,
1190 909 1235 943 Vi.
1256 912 1336 944 119.
1363 906 1487 942 Valla:

826 959 1078 993 Instrumento
1088 958 1187 992 dicto
1203 959 1354 993 ciconia.

798 1008 959 1057 κηςυκηΐη,
975 1024 1020 1047 ης,
1038 1007 1064 1044 ἡ.
1092 1008 1170 1043 Ion.
1189 1020 1256 1054 pro
1273 1019 1407 1043 comm.
1435 1022 1491 1044 nn-

825 1060 943 1107 gvzea'x,
960 1073 1008 1097 ας.
1035 1059 1218 1093 Praeconis
1233 1069 1380 1093 munus.
1391 1057 1491 1092 Prae-

825 1110 921 1144 conii
935 1109 1127 1144 exercendi
1144 1120 1289 1144 munus.
1304 1109 1362 1143 vii.
1383 1111 1465 1143 134.

800 1160 969 1208 κηξυκήῖον.
989 1160 1036 1194 ix.
1058 1162 1139 1193 lOO.

800 1210 896 1258 κ’ἧξυξ
931 1208 1064 1258 ἓξυθξός.
1097 1209 1202 1249 Quis,
1232 1208 1392 1256 quando,
1416 1218 1492 1243 cur.

827 1260 876 1294 iii.
895 1263 942 1300 57
946 1288 953 1295 .

801 1307 959 1348 κίζὸηλος.
993 1310 1146 1356 Proprie
1169 1308 1213 1343 de
1242 1308 1403 1342 nummis
1430 1307 1494 1343 ad-

827 1361 994 1395 ulterinis
1016 1361 1160 1395 dicitur.
1186 1358 1404 1407 μετοιφοξικῶς
1431 1369 1491 1392 ac-

827 1412 963 1457 cipitur
977 1422 1044 1457 pro
1054 1411 1157 1451 falso,
1169 1409 1350 1449 mendaci,
1369 1419 1494 1443 emen-

827 1462 909 1501 tito,
939 1462 1124 1508 ambiguo.
1157 1460 1330 1505 captioso.
1358 1458 1497 1506 χρησμῷ

827 1509 962 1557 κιῑὲδήλῳ
978 1511 1109 1546 πίσυνοι.
1141 1510 1300 1545 Oraculo
1317 1509 1492 1555 captioso,

827 1563 1041 1608 incertoque
1067 1561 1162 1596 freti.
1181 1561 1204 1595 i.
1223 1563 1282 1600 66,
1297 1563 1321 1599 7
1324 1563 1358 1594 5.
1398 1557 1496 1606 {wag-

826 1611 924 1650 ἓὲντες
942 1609 1114 1649 κιςδήλοισι
1130 1610 1319 1656 μαντηΐοισ-ι.
1345 1609 1495 1655 Captio-

829 1663 875 1696 sis
893 1662 1049 1697 oraculis
1067 1661 1163 1696 elati.
1182 1673 1213 1695 v.
1232 1664 1292 1698 91.

803 1711 908 1751 κιθὼν,
925 1712 1003 1750 iim.
1017 1712 1042 1746 ἑ.
1057 1712 1136 1746 Ion.
1151 1722 1218 1757 pro
1232 1721 1364 1744 comm.

829 1763 907 1800 ῶνθς.
931 1761 1006 1807 ἅλιζιίὸ
1033 1762 1136 1796 κίθῶνί
1156 1758 1318 1806 ἐκδυῦμὲνῳ
1336 1756 1494 1793 συνὶκδὺξ-

828 1827 883 1846 ‘ma
901 1814 957 1846 nce)
975 1813 1025 1849 τὴν
1042 1809 1118 1845 ωἰὸὤ
1142 1810 1156 1848 ν)
1180 1810 1265 1852 γυνή.
1297 1810 1381 1844 Una
1409 1820 1495 1844 Cum

830 1863 988 1902 indusio,
1038 1861 1134 1910 quod
1177 1861 1338 1899 exuitur,
1378 1859 1494 1907 pudo-

829 1925 910 1948 rem
952 1913 1063 1947 ctiam
1105 1911 1215 1945 simul
1248 1910 1350 1945 exuit
1385 1909 1494 1943 muli-

829 1975 879 1999 er.
896 1964 918 1997 ἱ.
937 1966 970 1997 S.
999 1961 1089 1997 λίνεον
1106 1961 1234 1995 κιθῶνος.
1262 1973 1292 1995 v.
1321 1962 1380 1999 ST,
1413 1963 1495 1995 IOG.

829 2013 887 2048 vii.
914 2016 973 2047 61.
1018 2011 1075 2050 τὲς
1103 2011 1235 2048 ‚affirm
1261 2010 1495 2057 κοιτερῥῆξιιντο,

829 2064 901 2098 viii.
933 2068 991 2099 99.
1020 2062 1147 2097 Valla:
1184 2060 1311 2094 Vestes
1341 2059 1494 2094 dilania-

829 2119 923 2149 rent.
942 2113 1002 2148 AE.
1019 2113 1059 2147 P.
1077 2112 1203 2145 Vestes
1218 2110 1469 2144 dilacerarent.

804 2164 927 2201 κιθῶνες
958 2162 1081 2208 τειχὲων
1104 2158 1181 2201 ἦσαν
1215 2158 1406 2205 ἐληλαμένοι,
1437 2159 1496 2195 vii.

833 2218 913 2250 139.
956 2213 1154 2248 Murorum
1194 2209 1337 2245 Lorieae
1374 2209 1495 2245 ductae

830 2268 948 2299 erant.

805 2312 987 2349 κινδυνεύειν.
1024 2323 1157 2347 comm.
1189 2310 1404 2346 periclitari.
1445 2309 1496 2343 τὶν

831 2365 970 2398 ναυτικὸν
998 2363 1110 2411 §gastau
1140 2358 1319 2395 κινδυνεῦσει
1343 2358 1495 2401 βασιλεὺς

830 2411 1026 2448 ἀποζοιλεέπ.
1044 2413 1116 2447 viii.
1135 2415 1193 2447 65.
1224 2409 1497 2445 Periclitabittu'

831 2476 896 2499 rex
924 2463 1090 2498 navalem
1121 2462 1324 2497 exercitum
1349 2460 1496 2494 amitte—

831 2526 882 2550 re.
909 2514 1120 2548 Periculum
1138 2513 1209 2546 erit
1226 2523 1273 2546 ne
1294 2522 1360 2545 rex
1387 2520 1495 2543 nava·

831 2565 882 2598 les
912 2565 1033 2610 copias
1061 2563 1220 2602 amittat,
1247 2562 1302 2595 vel
1323 2571 1369 2594 ne
1387 2569 1497 2593 nava-

831 2614 923 2648 lium
952 2614 1142 2660 copiarum
1164 2611 1350 2657 jacturam
1377 2609 1498 2643 faciat.

833 2664 902 2712 πεξὶ
920 2662 1024 2701 ἐκείνης
1038 2659 1222 2696 κινδυνεύειν.
1240 2661 1312 2695 viii.
1329 2662 1354 2699 7
1356 2663 1390 2693 4.
1424 2657 1498 2692 Pro

833 2715 896 2748 illa
912 2713 1117 2760 periclitari.
1144 2711 1245 2747 Illius
1261 2720 1387 2746 caussa
1402 2708 1498 2755 peri-

864 2775 885 2798 R
905 2768 927 2798 4

1383 1706 1494 1755 χιτὼν,
