<?xml version="1.0" encoding="UTF-8"?>
<!DOCTYPE html PUBLIC "-//W3C//DTD XHTML 1.0 Transitional//EN"
    "http://www.w3.org/TR/xhtml1/DTD/xhtml1-transitional.dtd">
<html xmlns="http://www.w3.org/1999/xhtml" xml:lang="en" lang="en">
 <head>
  <title>
</title>
<meta http-equiv="Content-Type" content="text/html;charset=utf-8" />
  <meta name='ocr-system' content='tesseract 3.04.00' />
  <meta name='ocr-capabilities' content='ocr_page ocr_carea ocr_par ocr_line ocrx_word'/>
</head>
<body>
  <div class='ocr_page' id='page_1' title='image "./lexikoniokonhell00port/lexikoniokonhell00port_0378.png"; bbox 0 0 1732 3045; ppageno 0'>
   <div class='ocr_carea' id='block_1_1' title="bbox 554 139 616 171">
    <p class='ocr_par' dir='ltr' id='par_1_1' title="bbox 554 139 616 171">
     <span class='ocr_line' id='line_1_1' title="bbox 554 139 616 171; baseline 0 0"><span class='ocrx_word' id='word_1_1' title='bbox 554 139 616 171; x_wconf 80' lang='grc' dir='ltr'><strong>ΣΑ</strong></span> 
     </span>
    </p>
   </div>
   <div class='ocr_carea' id='block_1_2' title="bbox 269 235 957 2736">
    <p class='ocr_par' dir='ltr' id='par_1_2' title="bbox 269 235 957 2736">
     <span class='ocr_line' id='line_1_2' title="bbox 285 235 944 284; baseline 0.003 -15"><span class='ocrx_word' id='word_1_2' title='bbox 285 238 339 270; x_wconf 75' lang='lat' dir='ltr'><strong>est</strong></span> <span class='ocrx_word' id='word_1_3' title='bbox 362 235 540 281; x_wconf 81' lang='lat' dir='ltr'>posterior</span> <span class='ocrx_word' id='word_1_4' title='bbox 565 235 680 271; x_wconf 85' lang='lat' dir='ltr'><strong>hastae</strong></span> <span class='ocrx_word' id='word_1_5' title='bbox 703 235 836 282; x_wconf 88' lang='lat' dir='ltr'><strong>cuspis,</strong></span> <span class='ocrx_word' id='word_1_6' title='bbox 863 246 944 284; x_wconf 86' lang='lat' dir='ltr'><strong>quae</strong></span> 
     </span>
     <span class='ocr_line' id='line_1_3' title="bbox 284 285 944 332; baseline 0.002 -13"><span class='ocrx_word' id='word_1_7' title='bbox 284 285 323 319; x_wconf 79' lang='lat' dir='ltr'><strong>in</strong></span> <span class='ocrx_word' id='word_1_8' title='bbox 344 290 480 320; x_wconf 86' lang='lat' dir='ltr'><strong>terram</strong></span> <span class='ocrx_word' id='word_1_9' title='bbox 506 297 529 320; x_wconf 91' lang='lat' dir='ltr'><strong>a</strong></span> <span class='ocrx_word' id='word_1_10' title='bbox 551 285 728 321; x_wconf 77' lang='lat' dir='ltr'>militibus</span> <span class='ocrx_word' id='word_1_11' title='bbox 751 285 865 332; x_wconf 87' lang='lat' dir='ltr'><strong>defigi</strong></span> <span class='ocrx_word' id='word_1_12' title='bbox 887 297 944 320; x_wconf 89' lang='lat' dir='ltr'><strong>so-</strong></span> 
     </span>
     <span class='ocr_line' id='line_1_4' title="bbox 284 334 946 383; baseline 0.003 -15"><span class='ocrx_word' id='word_1_13' title='bbox 284 334 348 375; x_wconf 90' lang='lat' dir='ltr'><strong>let,</strong></span> <span class='ocrx_word' id='word_1_14' title='bbox 387 347 501 382; x_wconf 89' lang='lat' dir='ltr'><strong>quum</strong></span> <span class='ocrx_word' id='word_1_15' title='bbox 535 340 623 370; x_wconf 83' lang='lat' dir='ltr'><strong>sunt</strong></span> <span class='ocrx_word' id='word_1_16' title='bbox 655 336 858 383; x_wconf 88' lang='lat' dir='ltr'><strong>defatigati,</strong></span> <span class='ocrx_word' id='word_1_17' title='bbox 888 336 946 370; x_wconf 88' lang='lat' dir='ltr'><strong>vel</strong></span> 
     </span>
     <span class='ocr_line' id='line_1_5' title="bbox 284 386 942 430; baseline 0.002 -11"><span class='ocrx_word' id='word_1_18' title='bbox 284 395 400 430; x_wconf 87' lang='lat' dir='ltr'><strong>quum</strong></span> <span class='ocrx_word' id='word_1_19' title='bbox 433 397 564 420; x_wconf 89' lang='lat' dir='ltr'><strong>somno</strong></span> <span class='ocrx_word' id='word_1_20' title='bbox 598 398 636 420; x_wconf 89' lang='lat' dir='ltr'><strong>se</strong></span> <span class='ocrx_word' id='word_1_21' title='bbox 671 386 757 420; x_wconf 89' lang='lat' dir='ltr'><strong>dare</strong></span> <span class='ocrx_word' id='word_1_22' title='bbox 794 387 942 429; x_wconf 80' lang='lat' dir='ltr'><strong>volunt3</strong></span> 
     </span>
     <span class='ocr_line' id='line_1_6' title="bbox 284 434 947 482; baseline 0.005 -15"><span class='ocrx_word' id='word_1_23' title='bbox 284 434 382 480; x_wconf 92' lang='lat' dir='ltr'><strong>quod</strong></span> <span class='ocrx_word' id='word_1_24' title='bbox 419 435 572 476; x_wconf 86' lang='lat' dir='ltr'><strong>faciunt,</strong></span> <span class='ocrx_word' id='word_1_25' title='bbox 608 441 651 470; x_wconf 89' lang='lat' dir='ltr'><strong>ut</strong></span> <span class='ocrx_word' id='word_1_26' title='bbox 687 448 770 471; x_wconf 87' lang='lat' dir='ltr'><strong>eam</strong></span> <span class='ocrx_word' id='word_1_27' title='bbox 801 447 947 482; x_wconf 84' lang='lat' dir='ltr'><strong>semper</strong></span> 
     </span>
     <span class='ocr_line' id='line_1_7' title="bbox 284 483 945 533; baseline 0.005 -16"><span class='ocrx_word' id='word_1_28' title='bbox 284 483 442 519; x_wconf 84' lang='lat' dir='ltr'><strong>habeant</strong></span> <span class='ocrx_word' id='word_1_29' title='bbox 468 492 645 532; x_wconf 85' lang='lat' dir='ltr'><strong>paratam,</strong></span> <span class='ocrx_word' id='word_1_30' title='bbox 681 486 712 520; x_wconf 88' lang='lat' dir='ltr'><strong>si</strong></span> <span class='ocrx_word' id='word_1_31' title='bbox 745 486 945 533; x_wconf 75' lang='lat' dir='ltr'><strong>confligen-</strong></span> 
     </span>
     <span class='ocr_line' id='line_1_8' title="bbox 285 533 947 582; baseline 0.005 -15"><span class='ocrx_word' id='word_1_32' title='bbox 285 533 375 568; x_wconf 92' lang='lat' dir='ltr'><strong>dum</strong></span> <span class='ocrx_word' id='word_1_33' title='bbox 411 535 535 570; x_wconf 86' lang='lat' dir='ltr'><strong>fuerit.</strong></span> <span class='ocrx_word' id='word_1_34' title='bbox 595 536 653 570; x_wconf 87' lang='lat' dir='ltr'><strong>Sic</strong></span> <span class='ocrx_word' id='word_1_35' title='bbox 696 536 805 577; x_wconf 85' lang='lat' dir='ltr'><strong>dicta,</strong></span> <span class='ocrx_word' id='word_1_36' title='bbox 849 536 947 582; x_wconf 89' lang='lat' dir='ltr'><strong>quod</strong></span> 
     </span>
     <span class='ocr_line' id='line_1_9' title="bbox 285 583 946 632; baseline 0.005 -15"><span class='ocrx_word' id='word_1_37' title='bbox 285 583 391 618; x_wconf 78' lang='lat' dir='ltr'><strong>hasta</strong></span> <span class='ocrx_word' id='word_1_38' title='bbox 423 585 600 632; x_wconf 83' lang='lat' dir='ltr'>longioris</span> <span class='ocrx_word' id='word_1_39' title='bbox 633 586 707 632; x_wconf 87' lang='lat' dir='ltr'><strong>pali</strong></span> <span class='ocrx_word' id='word_1_40' title='bbox 740 587 779 620; x_wconf 91' lang='lat' dir='ltr'><strong>in</strong></span> <span class='ocrx_word' id='word_1_41' title='bbox 809 589 946 620; x_wconf 88' lang='lat' dir='ltr'><strong>terram</strong></span> 
     </span>
     <span class='ocr_line' id='line_1_10' title="bbox 285 632 946 682; baseline 0.005 -15"><span class='ocrx_word' id='word_1_42' title='bbox 285 632 410 676; x_wconf 81' lang='lat' dir='ltr'><strong>defixi,</strong></span> <span class='ocrx_word' id='word_1_43' title='bbox 429 647 470 670; x_wconf 78' lang='lat' dir='ltr'><strong>ac</strong></span> <span class='ocrx_word' id='word_1_44' title='bbox 484 636 610 677; x_wconf 86' lang='lat' dir='ltr'><strong>erecti,</strong></span> <span class='ocrx_word' id='word_1_45' title='bbox 628 637 785 682; x_wconf 88' lang='lat' dir='ltr'><strong>speciem</strong></span> <span class='ocrx_word' id='word_1_46' title='bbox 802 636 946 671; x_wconf 86' lang='lat' dir='ltr'><strong>habeat.</strong></span> 
     </span>
     <span class='ocr_line' id='line_1_11' title="bbox 289 683 948 732; baseline 0.003 -14"><span class='ocrx_word' id='word_1_47' title='bbox 289 683 348 719; x_wconf 89' lang='lat' dir='ltr'><strong>Sic</strong></span> <span class='ocrx_word' id='word_1_48' title='bbox 394 686 506 721; x_wconf 80' lang='lat' dir='ltr'><strong>etiam</strong></span> <span class='ocrx_word' id='word_1_49' title='bbox 547 686 750 732; x_wconf 83' lang='lat' dir='ltr'><strong>appellatur</strong></span> <span class='ocrx_word' id='word_1_50' title='bbox 787 686 948 721; x_wconf 86' lang='lat' dir='ltr'><strong>ferreum</strong></span> 
     </span>
     <span class='ocr_line' id='line_1_12' title="bbox 285 734 946 782; baseline 0.006 -15"><span class='ocrx_word' id='word_1_51' title='bbox 285 734 343 768; x_wconf 79' lang='lat' dir='ltr'><strong>vel</strong></span> <span class='ocrx_word' id='word_1_52' title='bbox 364 734 531 782; x_wconf 86' lang='lat' dir='ltr'><strong>ligneum</strong></span> <span class='ocrx_word' id='word_1_53' title='bbox 552 737 842 771; x_wconf 79' lang='lat' dir='ltr'><strong>instmmentum</strong></span> <span class='ocrx_word' id='word_1_54' title='bbox 866 748 946 771; x_wconf 86' lang='lat' dir='ltr'><strong>mu-</strong></span> 
     </span>
     <span class='ocr_line' id='line_1_13' title="bbox 284 786 947 833; baseline 0.005 -15"><span class='ocrx_word' id='word_1_55' title='bbox 284 791 491 826; x_wconf 83' lang='lat' dir='ltr'><strong>cronatum,</strong></span> <span class='ocrx_word' id='word_1_56' title='bbox 510 791 547 820; x_wconf 93' lang='lat' dir='ltr'><strong>et</strong></span> <span class='ocrx_word' id='word_1_57' title='bbox 561 797 772 827; x_wconf 80' lang='lat' dir='ltr'><strong>concavum,</strong></span> <span class='ocrx_word' id='word_1_58' title='bbox 795 788 834 821; x_wconf 91' lang='lat' dir='ltr'><strong>in</strong></span> <span class='ocrx_word' id='word_1_59' title='bbox 851 786 947 833; x_wconf 87' lang='lat' dir='ltr'><strong>quod</strong></span> 
     </span>
     <span class='ocr_line' id='line_1_14' title="bbox 285 836 946 882; baseline 0.005 -14"><span class='ocrx_word' id='word_1_60' title='bbox 285 836 467 879; x_wconf 77' lang='lat' dir='ltr'><strong>posterior</strong></span> <span class='ocrx_word' id='word_1_61' title='bbox 490 836 602 871; x_wconf 84' lang='lat' dir='ltr'><strong>hastae</strong></span> <span class='ocrx_word' id='word_1_62' title='bbox 624 838 742 882; x_wconf 88' lang='lat' dir='ltr'><strong>cuspis</strong></span> <span class='ocrx_word' id='word_1_63' title='bbox 763 838 946 876; x_wconf 87' lang='lat' dir='ltr'><strong>inseritur,</strong></span> 
     </span>
     <span class='ocr_line' id='line_1_15' title="bbox 286 885 949 926; baseline 0.005 -8"><span class='ocrx_word' id='word_1_64' title='bbox 286 890 329 918; x_wconf 89' lang='lat' dir='ltr'><strong>ut</strong></span> <span class='ocrx_word' id='word_1_65' title='bbox 364 885 537 920; x_wconf 77' lang='lat' dir='ltr'>mundior</span> <span class='ocrx_word' id='word_1_66' title='bbox 573 891 819 926; x_wconf 84' lang='lat' dir='ltr'><strong>conservetur,</strong></span> <span class='ocrx_word' id='word_1_67' title='bbox 855 896 893 921; x_wconf 84' lang='lat' dir='ltr'><strong>et</strong></span> <span class='ocrx_word' id='word_1_68' title='bbox 927 898 949 921; x_wconf 91' lang='lat' dir='ltr'><strong>a</strong></span> 
     </span>
     <span class='ocr_line' id='line_1_16' title="bbox 285 934 947 983; baseline 0.003 -15"><span class='ocrx_word' id='word_1_69' title='bbox 285 934 456 981; x_wconf 81' lang='lat' dir='ltr'><strong>rubigine</strong></span> <span class='ocrx_word' id='word_1_70' title='bbox 473 936 699 972; x_wconf 81' lang='lat' dir='ltr'><strong>defendatur.</strong></span> <span class='ocrx_word' id='word_1_71' title='bbox 721 937 811 972; x_wconf 88' lang='lat' dir='ltr'><strong>Haec</strong></span> <span class='ocrx_word' id='word_1_72' title='bbox 828 942 947 983; x_wconf 84' lang='lat' dir='ltr'><strong>poste-</strong></span> 
     </span>
     <span class='ocr_line' id='line_1_17' title="bbox 284 984 949 1034; baseline 0.006 -16"><span class='ocrx_word' id='word_1_73' title='bbox 284 985 363 1019; x_wconf 80' lang='lat' dir='ltr'><strong>rior</strong></span> <span class='ocrx_word' id='word_1_74' title='bbox 380 984 488 1030; x_wconf 84' lang='lat' dir='ltr'><strong>hujus</strong></span> <span class='ocrx_word' id='word_1_75' title='bbox 510 988 606 1022; x_wconf 77' lang='lat' dir='ltr'><strong>vocis</strong></span> <span class='ocrx_word' id='word_1_76' title='bbox 623 988 842 1034; x_wconf 84' lang='lat' dir='ltr'><strong>significatio</strong></span> <span class='ocrx_word' id='word_1_77' title='bbox 863 987 949 1021; x_wconf 88' lang='lat' dir='ltr'><strong>huic</strong></span> 
     </span>
     <span class='ocr_line' id='line_1_18' title="bbox 286 1033 948 1083; baseline 0.005 -14"><span class='ocrx_word' id='word_1_78' title='bbox 286 1033 368 1070; x_wconf 86' lang='lat' dir='ltr'><strong>loco</strong></span> <span class='ocrx_word' id='word_1_79' title='bbox 408 1037 525 1083; x_wconf 88' lang='lat' dir='ltr'><strong>magis</strong></span> <span class='ocrx_word' id='word_1_80' title='bbox 565 1037 710 1072; x_wconf 76' lang='lat' dir='ltr'><strong>videtur</strong></span> <span class='ocrx_word' id='word_1_81' title='bbox 742 1038 948 1072; x_wconf 86' lang='lat' dir='ltr'><strong>convenire.</strong></span> 
     </span>
     <span class='ocr_line' id='line_1_19' title="bbox 286 1085 949 1134; baseline 0.005 -15"><span class='ocrx_word' id='word_1_82' title='bbox 286 1085 420 1120; x_wconf 86' lang='lat' dir='ltr'><strong>Sensus</strong></span> <span class='ocrx_word' id='word_1_83' title='bbox 443 1094 568 1122; x_wconf 85' lang='lat' dir='ltr'><strong>autem</strong></span> <span class='ocrx_word' id='word_1_84' title='bbox 591 1088 650 1122; x_wconf 85' lang='lat' dir='ltr'><strong>hic</strong></span> <span class='ocrx_word' id='word_1_85' title='bbox 675 1088 758 1128; x_wconf 90' lang='lat' dir='ltr'><strong>erit,</strong></span> <span class='ocrx_word' id='word_1_86' title='bbox 785 1099 851 1134; x_wconf 90' lang='lat' dir='ltr'><strong>pro</strong></span> <span class='ocrx_word' id='word_1_87' title='bbox 868 1099 949 1122; x_wconf 84' lang='lat' dir='ltr'><strong>sau-</strong></span> 
     </span>
     <span class='ocr_line' id='line_1_20' title="bbox 286 1137 950 1183; baseline 0.003 -13"><span class='ocrx_word' id='word_1_88' title='bbox 286 1137 470 1171; x_wconf 84' lang='lat' dir='ltr'><strong>roteribus</strong></span> <span class='ocrx_word' id='word_1_89' title='bbox 490 1138 722 1183; x_wconf 80' lang='lat' dir='ltr'><strong>(vocabulum</strong></span> <span class='ocrx_word' id='word_1_90' title='bbox 734 1139 835 1173; x_wconf 88' lang='lat' dir='ltr'><strong>enim</strong></span> <span class='ocrx_word' id='word_1_91' title='bbox 848 1138 950 1172; x_wconf 84' lang='lat' dir='ltr'><strong>Grae-</strong></span> 
     </span>
     <span class='ocr_line' id='line_1_21' title="bbox 288 1186 951 1234; baseline 0.003 -14"><span class='ocrx_word' id='word_1_92' title='bbox 288 1197 375 1221; x_wconf 88' lang='lat' dir='ltr'><strong>cum</strong></span> <span class='ocrx_word' id='word_1_93' title='bbox 411 1198 489 1221; x_wconf 86' lang='lat' dir='ltr'><strong>non</strong></span> <span class='ocrx_word' id='word_1_94' title='bbox 525 1188 649 1234; x_wconf 85' lang='lat' dir='ltr'><strong>inepte</strong></span> <span class='ocrx_word' id='word_1_95' title='bbox 682 1186 761 1234; x_wconf 86' lang='lat' dir='ltr'><strong>jam</strong></span> <span class='ocrx_word' id='word_1_96' title='bbox 800 1188 951 1222; x_wconf 87' lang='lat' dir='ltr'><strong>retineri</strong></span> 
     </span>
     <span class='ocr_line' id='line_1_22' title="bbox 287 1238 951 1284; baseline 0.003 -14"><span class='ocrx_word' id='word_1_97' title='bbox 287 1241 421 1283; x_wconf 82' lang='lat' dir='ltr'><strong>potest,</strong></span> <span class='ocrx_word' id='word_1_98' title='bbox 460 1238 559 1284; x_wconf 90' lang='lat' dir='ltr'><strong>quod</strong></span> <span class='ocrx_word' id='word_1_99' title='bbox 595 1238 739 1272; x_wconf 87' lang='lat' dir='ltr'><strong>nullum</strong></span> <span class='ocrx_word' id='word_1_100' title='bbox 774 1238 951 1273; x_wconf 87' lang='lat' dir='ltr'><strong>Latinum</strong></span> 
     </span>
     <span class='ocr_line' id='line_1_23' title="bbox 288 1286 947 1334; baseline 0 -13"><span class='ocrx_word' id='word_1_101' title='bbox 288 1286 327 1321; x_wconf 92' lang='lat' dir='ltr'><strong>id</strong></span> <span class='ocrx_word' id='word_1_102' title='bbox 359 1288 551 1322; x_wconf 86' lang='lat' dir='ltr'><strong>commode</strong></span> <span class='ocrx_word' id='word_1_103' title='bbox 590 1289 702 1334; x_wconf 81' lang='lat' dir='ltr'>possit</span> <span class='ocrx_word' id='word_1_104' title='bbox 736 1288 947 1333; x_wconf 80' lang='lat' dir='ltr'><strong>explicare,)</strong></span> 
     </span>
     <span class='ocr_line' id='line_1_24' title="bbox 288 1338 952 1385; baseline 0 -14"><span class='ocrx_word' id='word_1_105' title='bbox 288 1338 385 1372; x_wconf 85' lang='lat' dir='ltr'><strong>mala</strong></span> <span class='ocrx_word' id='word_1_106' title='bbox 398 1339 532 1384; x_wconf 87' lang='lat' dir='ltr'><strong>punica</strong></span> <span class='ocrx_word' id='word_1_107' title='bbox 547 1349 659 1373; x_wconf 85' lang='lat' dir='ltr'><strong>aurea</strong></span> <span class='ocrx_word' id='word_1_108' title='bbox 682 1339 875 1385; x_wconf 81' lang='lat' dir='ltr'><strong>gestabant</strong></span> <span class='ocrx_word' id='word_1_109' title='bbox 888 1338 952 1372; x_wconf 90' lang='lat' dir='ltr'><strong>ha-</strong></span> 
     </span>
     <span class='ocr_line' id='line_1_25' title="bbox 286 1388 952 1434; baseline 0.002 -13"><span class='ocrx_word' id='word_1_110' title='bbox 286 1393 429 1422; x_wconf 83' lang='lat' dir='ltr'><strong>starum</strong></span> <span class='ocrx_word' id='word_1_111' title='bbox 445 1389 638 1434; x_wconf 77' lang='lat' dir='ltr'>posteriori</span> <span class='ocrx_word' id='word_1_112' title='bbox 651 1388 791 1434; x_wconf 77' lang='lat' dir='ltr'>cuspidi</span> <span class='ocrx_word' id='word_1_113' title='bbox 806 1389 952 1422; x_wconf 83' lang='lat' dir='ltr'><strong>inserta.</strong></span> 
     </span>
     <span class='ocr_line' id='line_1_26' title="bbox 289 1437 952 1473; baseline 0.002 -1"><span class='ocrx_word' id='word_1_114' title='bbox 289 1437 374 1472; x_wconf 95' lang='lat' dir='ltr'><strong>Hoc</strong></span> <span class='ocrx_word' id='word_1_115' title='bbox 398 1445 524 1472; x_wconf 85' lang='lat' dir='ltr'><strong>autem</strong></span> <span class='ocrx_word' id='word_1_116' title='bbox 548 1439 609 1473; x_wconf 85' lang='lat' dir='ltr'><strong>isti</strong></span> <span class='ocrx_word' id='word_1_117' title='bbox 635 1438 804 1473; x_wconf 85' lang='lat' dir='ltr'><strong>videntur</strong></span> <span class='ocrx_word' id='word_1_118' title='bbox 827 1438 952 1473; x_wconf 82' lang='lat' dir='ltr'><strong>fecisse</strong></span> 
     </span>
     <span class='ocr_line' id='line_1_27' title="bbox 288 1488 953 1536; baseline 0 -14"><span class='ocrx_word' id='word_1_119' title='bbox 288 1498 375 1523; x_wconf 90' lang='lat' dir='ltr'><strong>cum</strong></span> <span class='ocrx_word' id='word_1_120' title='bbox 401 1494 561 1527; x_wconf 83' lang='lat' dir='ltr'><strong>ornatus,</strong></span> <span class='ocrx_word' id='word_1_121' title='bbox 589 1500 630 1523; x_wconf 90' lang='lat' dir='ltr'><strong>ac</strong></span> <span class='ocrx_word' id='word_1_122' title='bbox 654 1489 765 1536; x_wconf 86' lang='lat' dir='ltr'><strong>regiae</strong></span> <span class='ocrx_word' id='word_1_123' title='bbox 783 1488 953 1535; x_wconf 82' lang='lat' dir='ltr'><strong>magnifi-</strong></span> 
     </span>
     <span class='ocr_line' id='line_1_28' title="bbox 288 1538 954 1579; baseline 0.002 -7"><span class='ocrx_word' id='word_1_124' title='bbox 288 1539 419 1573; x_wconf 79' lang='lat' dir='ltr'><strong>centiae</strong></span> <span class='ocrx_word' id='word_1_125' title='bbox 449 1538 675 1573; x_wconf 83' lang='lat' dir='ltr'><strong>ostentandae</strong></span> <span class='ocrx_word' id='word_1_126' title='bbox 702 1550 838 1579; x_wconf 84' lang='lat' dir='ltr'><strong>caussa,</strong></span> <span class='ocrx_word' id='word_1_127' title='bbox 873 1543 954 1573; x_wconf 90' lang='lat' dir='ltr'><strong>tum</strong></span> 
     </span>
     <span class='ocr_line' id='line_1_29' title="bbox 289 1589 954 1634; baseline 0 -12"><span class='ocrx_word' id='word_1_128' title='bbox 289 1589 402 1622; x_wconf 85' lang='lat' dir='ltr'><strong>etiam</strong></span> <span class='ocrx_word' id='word_1_129' title='bbox 418 1593 461 1623; x_wconf 91' lang='lat' dir='ltr'><strong>ut</strong></span> <span class='ocrx_word' id='word_1_130' title='bbox 478 1589 532 1622; x_wconf 88' lang='lat' dir='ltr'><strong>his</strong></span> <span class='ocrx_word' id='word_1_131' title='bbox 550 1590 667 1623; x_wconf 81' lang='lat' dir='ltr'><strong>aureis</strong></span> <span class='ocrx_word' id='word_1_132' title='bbox 685 1589 788 1623; x_wconf 85' lang='lat' dir='ltr'><strong>malis</strong></span> <span class='ocrx_word' id='word_1_133' title='bbox 812 1589 954 1634; x_wconf 86' lang='lat' dir='ltr'><strong>punicis</strong></span> 
     </span>
     <span class='ocr_line' id='line_1_30' title="bbox 289 1638 954 1686; baseline 0.002 -15"><span class='ocrx_word' id='word_1_134' title='bbox 289 1638 478 1684; x_wconf 81' lang='lat' dir='ltr'><strong>cuspidem</strong></span> <span class='ocrx_word' id='word_1_135' title='bbox 495 1644 676 1685; x_wconf 82' lang='lat' dir='ltr'><strong>tegerent,</strong></span> <span class='ocrx_word' id='word_1_136' title='bbox 699 1650 745 1673; x_wconf 91' lang='lat' dir='ltr'><strong>ne</strong></span> <span class='ocrx_word' id='word_1_137' title='bbox 763 1639 842 1686; x_wconf 89' lang='lat' dir='ltr'><strong>quis</strong></span> <span class='ocrx_word' id='word_1_138' title='bbox 858 1638 954 1672; x_wconf 89' lang='lat' dir='ltr'><strong>forte</strong></span> 
     </span>
     <span class='ocr_line' id='line_1_31' title="bbox 290 1687 952 1734; baseline 0.002 -12"><span class='ocrx_word' id='word_1_139' title='bbox 290 1687 331 1722; x_wconf 89' lang='lat' dir='ltr'><strong>in</strong></span> <span class='ocrx_word' id='word_1_140' title='bbox 359 1689 438 1734; x_wconf 91' lang='lat' dir='ltr'><strong>ipso</strong></span> <span class='ocrx_word' id='word_1_141' title='bbox 467 1689 598 1723; x_wconf 87' lang='lat' dir='ltr'><strong>itinere</strong></span> <span class='ocrx_word' id='word_1_142' title='bbox 624 1690 839 1725; x_wconf 82' lang='lat' dir='ltr'>concitatius</span> <span class='ocrx_word' id='word_1_143' title='bbox 865 1688 952 1723; x_wconf 86' lang='lat' dir='ltr'><strong>faci-</strong></span> 
     </span>
     <span class='ocr_line' id='line_1_32' title="bbox 290 1738 952 1779; baseline -0.002 -6"><span class='ocrx_word' id='word_1_144' title='bbox 290 1738 400 1778; x_wconf 87' lang='lat' dir='ltr'><strong>endo,</strong></span> <span class='ocrx_word' id='word_1_145' title='bbox 419 1739 458 1773; x_wconf 88' lang='lat' dir='ltr'><strong>in</strong></span> <span class='ocrx_word' id='word_1_146' title='bbox 475 1739 641 1773; x_wconf 83' lang='lat' dir='ltr'><strong>conferta</strong></span> <span class='ocrx_word' id='word_1_147' title='bbox 656 1739 818 1773; x_wconf 88' lang='lat' dir='ltr'><strong>militum</strong></span> <span class='ocrx_word' id='word_1_148' title='bbox 831 1739 952 1779; x_wconf 82' lang='lat' dir='ltr'><strong>turba,</strong></span> 
     </span>
     <span class='ocr_line' id='line_1_33' title="bbox 290 1788 955 1836; baseline 0 -13"><span class='ocrx_word' id='word_1_149' title='bbox 290 1800 314 1823; x_wconf 87' lang='lat' dir='ltr'><strong>a</strong></span> <span class='ocrx_word' id='word_1_150' title='bbox 329 1790 428 1823; x_wconf 87' lang='lat' dir='ltr'><strong>socio</strong></span> <span class='ocrx_word' id='word_1_151' title='bbox 444 1789 686 1836; x_wconf 86' lang='lat' dir='ltr'><strong>subsequente</strong></span> <span class='ocrx_word' id='word_1_152' title='bbox 713 1788 859 1835; x_wconf 82' lang='lat' dir='ltr'><strong>cuspide</strong></span> <span class='ocrx_word' id='word_1_153' title='bbox 889 1800 955 1834; x_wconf 86' lang='lat' dir='ltr'><strong>per</strong></span> 
     </span>
     <span class='ocr_line' id='line_1_34' title="bbox 290 1838 954 1885; baseline 0 -12"><span class='ocrx_word' id='word_1_154' title='bbox 290 1839 579 1884; x_wconf 84' lang='lat' dir='ltr'><strong>imprudentiam</strong></span> <span class='ocrx_word' id='word_1_155' title='bbox 626 1841 665 1874; x_wconf 86' lang='lat' dir='ltr'><strong>in</strong></span> <span class='ocrx_word' id='word_1_156' title='bbox 715 1838 954 1885; x_wconf 69' lang='lat' dir='ltr'><strong>praecedentis</strong></span> 
     </span>
     <span class='ocr_line' id='line_1_35' title="bbox 291 1889 954 1935; baseline 0 -12"><span class='ocrx_word' id='word_1_157' title='bbox 291 1889 443 1924; x_wconf 86' lang='lat' dir='ltr'><strong>dorsum</strong></span> <span class='ocrx_word' id='word_1_158' title='bbox 497 1890 666 1935; x_wconf 82' lang='lat' dir='ltr'><strong>impacta,</strong></span> <span class='ocrx_word' id='word_1_159' title='bbox 720 1889 954 1923; x_wconf 84' lang='lat' dir='ltr'><strong>sauciaretur.</strong></span> 
     </span>
     <span class='ocr_line' id='line_1_36' title="bbox 291 1939 955 1985; baseline 0 -12"><span class='ocrx_word' id='word_1_160' title='bbox 291 1939 402 1977; x_wconf 85' lang='lat' dir='ltr'><strong>Quod</strong></span> <span class='ocrx_word' id='word_1_161' title='bbox 429 1951 505 1974; x_wconf 87' lang='lat' dir='ltr'><strong>non</strong></span> <span class='ocrx_word' id='word_1_162' title='bbox 530 1950 615 1974; x_wconf 88' lang='lat' dir='ltr'><strong>raro</strong></span> <span class='ocrx_word' id='word_1_163' title='bbox 643 1939 839 1985; x_wconf 83' lang='lat' dir='ltr'><strong>contigisse</strong></span> <span class='ocrx_word' id='word_1_164' title='bbox 867 1950 955 1973; x_wconf 85' lang='lat' dir='ltr'><strong>con-</strong></span> 
     </span>
     <span class='ocr_line' id='line_1_37' title="bbox 292 1989 953 2034; baseline -0.002 -10"><span class='ocrx_word' id='word_1_165' title='bbox 292 1995 376 2025; x_wconf 87' lang='lat' dir='ltr'><strong>stat.</strong></span> <span class='ocrx_word' id='word_1_166' title='bbox 414 1989 497 2024; x_wconf 91' lang='lat' dir='ltr'><strong>Hoc</strong></span> <span class='ocrx_word' id='word_1_167' title='bbox 530 1994 658 2024; x_wconf 85' lang='lat' dir='ltr'><strong>nostro</strong></span> <span class='ocrx_word' id='word_1_168' title='bbox 686 1989 809 2023; x_wconf 88' lang='lat' dir='ltr'><strong>seculo</strong></span> <span class='ocrx_word' id='word_1_169' title='bbox 842 1989 953 2034; x_wconf 90' lang='lat' dir='ltr'><strong>pleri-</strong></span> 
     </span>
     <span class='ocr_line' id='line_1_38' title="bbox 293 2039 955 2087; baseline 0 -14"><span class='ocrx_word' id='word_1_170' title='bbox 293 2051 364 2087; x_wconf 91' lang='lat' dir='ltr'><strong>que</strong></span> <span class='ocrx_word' id='word_1_171' title='bbox 397 2039 532 2074; x_wconf 87' lang='lat' dir='ltr'><strong>milites</strong></span> <span class='ocrx_word' id='word_1_172' title='bbox 573 2051 723 2074; x_wconf 86' lang='lat' dir='ltr'><strong>suarum</strong></span> <span class='ocrx_word' id='word_1_173' title='bbox 768 2040 955 2074; x_wconf 81' lang='lat' dir='ltr'><strong>hastarum</strong></span> 
     </span>
     <span class='ocr_line' id='line_1_39' title="bbox 291 2089 956 2136; baseline 0 -12"><span class='ocrx_word' id='word_1_174' title='bbox 291 2096 474 2124; x_wconf 78' lang='lat' dir='ltr'><strong>extremas</strong></span> <span class='ocrx_word' id='word_1_175' title='bbox 510 2095 630 2136; x_wconf 83' lang='lat' dir='ltr'><strong>partes</strong></span> <span class='ocrx_word' id='word_1_176' title='bbox 671 2090 739 2123; x_wconf 85' lang='lat' dir='ltr'><strong>hac</strong></span> <span class='ocrx_word' id='word_1_177' title='bbox 785 2089 862 2135; x_wconf 88' lang='lat' dir='ltr'><strong>ipsa</strong></span> <span class='ocrx_word' id='word_1_178' title='bbox 910 2090 956 2124; x_wconf 91' lang='lat' dir='ltr'><strong>de</strong></span> 
     </span>
     <span class='ocr_line' id='line_1_40' title="bbox 291 2139 957 2187; baseline 0 -13"><span class='ocrx_word' id='word_1_179' title='bbox 291 2151 430 2180; x_wconf 80' lang='lat' dir='ltr'><strong>caussa,</strong></span> <span class='ocrx_word' id='word_1_180' title='bbox 475 2140 618 2187; x_wconf 86' lang='lat' dir='ltr'><strong>quoties</strong></span> <span class='ocrx_word' id='word_1_181' title='bbox 660 2139 776 2185; x_wconf 83' lang='lat' dir='ltr'><strong>praelii</strong></span> <span class='ocrx_word' id='word_1_182' title='bbox 812 2140 957 2175; x_wconf 86' lang='lat' dir='ltr'><strong>nullum</strong></span> 
     </span>
     <span class='ocr_line' id='line_1_41' title="bbox 292 2189 957 2236; baseline -0.002 -12"><span class='ocrx_word' id='word_1_183' title='bbox 292 2189 481 2236; x_wconf 87' lang='lat' dir='ltr'><strong>impendet</strong></span> <span class='ocrx_word' id='word_1_184' title='bbox 495 2189 713 2236; x_wconf 86' lang='lat' dir='ltr'><strong>pericuhun,</strong></span> <span class='ocrx_word' id='word_1_185' title='bbox 739 2189 871 2236; x_wconf 83' lang='lat' dir='ltr'><strong>ligneis</strong></span> <span class='ocrx_word' id='word_1_186' title='bbox 890 2201 957 2236; x_wconf 89' lang='lat' dir='ltr'><strong>po-</strong></span> 
     </span>
     <span class='ocr_line' id='line_1_42' title="bbox 291 2240 957 2286; baseline 0 -12"><span class='ocrx_word' id='word_1_187' title='bbox 291 2240 362 2274; x_wconf 87' lang='lat' dir='ltr'><strong>mis</strong></span> <span class='ocrx_word' id='word_1_188' title='bbox 395 2240 552 2281; x_wconf 90' lang='lat' dir='ltr'><strong>munire,</strong></span> <span class='ocrx_word' id='word_1_189' title='bbox 593 2240 650 2274; x_wconf 82' lang='lat' dir='ltr'><strong>vel</strong></span> <span class='ocrx_word' id='word_1_190' title='bbox 682 2240 794 2274; x_wconf 87' lang='lat' dir='ltr'><strong>etiam</strong></span> <span class='ocrx_word' id='word_1_191' title='bbox 825 2240 957 2286; x_wconf 85' lang='lat' dir='ltr'><strong>ligneis</strong></span> 
     </span>
     <span class='ocr_line' id='line_1_43' title="bbox 293 2290 897 2336; baseline -0.002 -12"><span class='ocrx_word' id='word_1_192' title='bbox 293 2290 408 2324; x_wconf 88' lang='lat' dir='ltr'><strong>thecis</strong></span> <span class='ocrx_word' id='word_1_193' title='bbox 426 2290 594 2336; x_wconf 82' lang='lat' dir='ltr'><strong>oblongis</strong></span> <span class='ocrx_word' id='word_1_194' title='bbox 611 2294 749 2336; x_wconf 83' lang='lat' dir='ltr'><strong>tegere,</strong></span> <span class='ocrx_word' id='word_1_195' title='bbox 768 2290 897 2324; x_wconf 87' lang='lat' dir='ltr'><strong>solent.</strong></span> 
     </span>
     <span class='ocr_line' id='line_1_44' title="bbox 270 2338 956 2385; baseline 0 -12"><span class='ocrx_word' id='word_1_196' title='bbox 270 2338 400 2382; x_wconf 65' lang='grc' dir='ltr'><strong>σαιφὲως.</strong></span> <span class='ocrx_word' id='word_1_197' title='bbox 427 2340 507 2374; x_wconf 87' lang='lat' dir='ltr'><strong>Ion.</strong></span> <span class='ocrx_word' id='word_1_198' title='bbox 535 2346 573 2373; x_wconf 88' lang='lat' dir='ltr'><strong>et</strong></span> <span class='ocrx_word' id='word_1_199' title='bbox 601 2344 697 2385; x_wconf 88' lang='lat' dir='ltr'><strong>poet.</strong></span> <span class='ocrx_word' id='word_1_200' title='bbox 730 2350 796 2385; x_wconf 88' lang='lat' dir='ltr'><strong>pro</strong></span> <span class='ocrx_word' id='word_1_201' title='bbox 822 2350 956 2374; x_wconf 88' lang='lat' dir='ltr'><strong>comm.</strong></span> 
     </span>
     <span class='ocr_line' id='line_1_45' title="bbox 293 2389 957 2435; baseline 0.003 -13"><span class='ocrx_word' id='word_1_202' title='bbox 293 2390 413 2432; x_wconf 70' lang='grc' dir='ltr'><strong><em>σαιφῶς.</em></strong></span> <span class='ocrx_word' id='word_1_203' title='bbox 429 2391 578 2435; x_wconf 86' lang='lat' dir='ltr'><strong>Aperte.</strong></span> <span class='ocrx_word' id='word_1_204' title='bbox 600 2389 807 2424; x_wconf 83' lang='lat' dir='ltr'><strong>Manifeste.</strong></span> <span class='ocrx_word' id='word_1_205' title='bbox 835 2390 957 2424; x_wconf 83' lang='lat' dir='ltr'><strong>Certo.</strong></span> 
     </span>
     <span class='ocr_line' id='line_1_46' title="bbox 294 2439 955 2482; baseline 0.003 -9"><span class='ocrx_word' id='word_1_206' title='bbox 294 2440 318 2473; x_wconf 89' lang='lat' dir='ltr'><strong>i.</strong></span> <span class='ocrx_word' id='word_1_207' title='bbox 346 2442 408 2474; x_wconf 73' lang='lat'><strong>21.</strong></span> <span class='ocrx_word' id='word_1_208' title='bbox 439 2439 476 2474; x_wconf 80' lang='lat' dir='ltr'><strong>ii.</strong></span> <span class='ocrx_word' id='word_1_209' title='bbox 504 2442 565 2481; x_wconf 83' lang='lat'><strong>31,</strong></span> <span class='ocrx_word' id='word_1_210' title='bbox 597 2443 658 2479; x_wconf 72' lang='lat'><strong>44,</strong></span> <span class='ocrx_word' id='word_1_211' title='bbox 690 2442 770 2474; x_wconf 70' lang='lat'><strong>121.</strong></span> <span class='ocrx_word' id='word_1_212' title='bbox 800 2440 830 2482; x_wconf 63' lang='grc' dir='ltr'><strong>ξ.</strong></span> <span class='ocrx_word' id='word_1_213' title='bbox 859 2443 889 2474; x_wconf 92' lang='grc'><strong>1.</strong></span> <span class='ocrx_word' id='word_1_214' title='bbox 909 2440 955 2476; x_wconf 80' lang='lat' dir='ltr'><strong>ix.</strong></span> 
     </span>
     <span class='ocr_line' id='line_1_47' title="bbox 272 2538 956 2585; baseline 0 -12"><span class='ocrx_word' id='word_1_215' title='bbox 272 2538 436 2581; x_wconf 67' lang='grc' dir='ltr'><em>σαφηνέως.</em></span> <span class='ocrx_word' id='word_1_216' title='bbox 466 2539 544 2573; x_wconf 87' lang='lat' dir='ltr'><strong>Ion.</strong></span> <span class='ocrx_word' id='word_1_217' title='bbox 571 2543 607 2573; x_wconf 87' lang='lat' dir='ltr'><strong>et</strong></span> <span class='ocrx_word' id='word_1_218' title='bbox 625 2543 721 2584; x_wconf 90' lang='lat' dir='ltr'><strong>poet.</strong></span> <span class='ocrx_word' id='word_1_219' title='bbox 739 2550 807 2585; x_wconf 91' lang='lat' dir='ltr'><strong>pro</strong></span> <span class='ocrx_word' id='word_1_220' title='bbox 823 2549 956 2574; x_wconf 89' lang='lat' dir='ltr'><strong>comm.</strong></span> 
     </span>
     <span class='ocr_line' id='line_1_48' title="bbox 294 2588 955 2635; baseline 0.002 -13"><span class='ocrx_word' id='word_1_221' title='bbox 294 2590 414 2631; x_wconf 70' lang='grc' dir='ltr'><strong><em>σαφῶς.</em></strong></span> <span class='ocrx_word' id='word_1_222' title='bbox 432 2590 580 2635; x_wconf 80' lang='lat' dir='ltr'><strong>Aperte,</strong></span> <span class='ocrx_word' id='word_1_223' title='bbox 608 2588 816 2627; x_wconf 82' lang='lat' dir='ltr'><strong>Manifeste.</strong></span> <span class='ocrx_word' id='word_1_224' title='bbox 834 2589 955 2623; x_wconf 77' lang='lat' dir='ltr'><strong>Certo.</strong></span> 
     </span>
     <span class='ocr_line' id='line_1_49' title="bbox 295 2639 727 2674; baseline 0 -1"><span class='ocrx_word' id='word_1_225' title='bbox 295 2640 317 2673; x_wconf 90' lang='lat' dir='ltr'><strong>i.</strong></span> <span class='ocrx_word' id='word_1_226' title='bbox 340 2643 421 2674; x_wconf 79' lang='lat'><strong>140.</strong></span> <span class='ocrx_word' id='word_1_227' title='bbox 437 2640 487 2673; x_wconf 89' lang='lat' dir='ltr'><strong>iii.</strong></span> <span class='ocrx_word' id='word_1_228' title='bbox 510 2641 590 2674; x_wconf 70' lang='lat'><strong>122.</strong></span> <span class='ocrx_word' id='word_1_229' title='bbox 608 2639 649 2672; x_wconf 89' lang='lat' dir='ltr'><strong>vi.</strong></span> <span class='ocrx_word' id='word_1_230' title='bbox 667 2641 727 2673; x_wconf 72' lang='lat'><strong>8⁶2.</strong></span> 
     </span>
     <span class='ocr_line' id='line_1_50' title="bbox 269 2688 954 2736; baseline 0.003 -13"><span class='ocrx_word' id='word_1_231' title='bbox 269 2691 439 2730; x_wconf 66' lang='grc' dir='ltr'><strong>σῑληνοιῖος,</strong></span> <span class='ocrx_word' id='word_1_232' title='bbox 467 2704 494 2728; x_wconf 76' lang='grc' dir='ltr'><strong>η,</strong></span> <span class='ocrx_word' id='word_1_233' title='bbox 523 2704 564 2725; x_wconf 74' lang='grc' dir='ltr'><strong>ον.</strong></span> <span class='ocrx_word' id='word_1_234' title='bbox 603 2688 682 2726; x_wconf 87' lang='lat' dir='ltr'><strong>Ion.</strong></span> <span class='ocrx_word' id='word_1_235' title='bbox 700 2694 738 2724; x_wconf 77' lang='lat' dir='ltr'><strong>et</strong></span> <span class='ocrx_word' id='word_1_236' title='bbox 755 2693 851 2736; x_wconf 73' lang='lat' dir='ltr'><strong>poet.</strong></span> <span class='ocrx_word' id='word_1_237' title='bbox 880 2688 954 2725; x_wconf 83' lang='lat' dir='ltr'><strong>Lu-</strong></span> 
     </span>
    </p>
   </div>
   <div class='ocr_carea' id='block_1_3' title="bbox 1335 139 1384 173">
    <p class='ocr_par' dir='ltr' id='par_1_3' title="bbox 1335 139 1384 173">
     <span class='ocr_line' id='line_1_51' title="bbox 1335 139 1384 173; baseline -0.02 0"><span class='ocrx_word' id='word_1_238' title='bbox 1335 139 1384 173; x_wconf 81' lang='grc' dir='ltr'><strong>ΣΙ</strong></span> 
     </span>
    </p>
   </div>
   <div class='ocr_carea' id='block_1_4' title="bbox 997 232 1732 2733">
    <p class='ocr_par' dir='ltr' id='par_1_4' title="bbox 1018 232 1685 573">
     <span class='ocr_line' id='line_1_52' title="bbox 1020 232 1681 274; baseline -0.005 -2"><span class='ocrx_word' id='word_1_239' title='bbox 1020 237 1130 273; x_wconf 89' lang='lat' dir='ltr'><strong>naris.</strong></span> <span class='ocrx_word' id='word_1_240' title='bbox 1159 237 1297 274; x_wconf 83' lang='lat' dir='ltr'><strong>Clarus.</strong></span> <span class='ocrx_word' id='word_1_241' title='bbox 1327 233 1486 271; x_wconf 82' lang='lat' dir='ltr'><strong>Lumine</strong></span> <span class='ocrx_word' id='word_1_242' title='bbox 1502 233 1622 270; x_wconf 79' lang='lat' dir='ltr'><strong>lunari</strong></span> <span class='ocrx_word' id='word_1_243' title='bbox 1637 232 1681 269; x_wconf 59' lang='lat' dir='ltr'><strong>ila</strong></span> 
     </span>
     <span class='ocr_line' id='line_1_53' title="bbox 1018 282 1680 328; baseline -0.003 -7"><span class='ocrx_word' id='word_1_244' title='bbox 1018 287 1204 328; x_wconf 87' lang='lat' dir='ltr'><strong>lustratus,</strong></span> <span class='ocrx_word' id='word_1_245' title='bbox 1234 292 1272 322; x_wconf 90' lang='lat' dir='ltr'><strong>et</strong></span> <span class='ocrx_word' id='word_1_246' title='bbox 1300 287 1429 321; x_wconf 88' lang='lat' dir='ltr'><strong>clarus.</strong></span> <span class='ocrx_word' id='word_1_247' title='bbox 1459 283 1598 322; x_wconf 63' lang='grc' dir='ltr'><strong>σεληναίη</strong></span> <span class='ocrx_word' id='word_1_248' title='bbox 1617 282 1680 326; x_wconf 67' lang='grc' dir='ltr'><strong>νὺξ.</strong></span> 
     </span>
     <span class='ocr_line' id='line_1_54' title="bbox 1019 335 1682 385; baseline -0.008 -13"><span class='ocrx_word' id='word_1_249' title='bbox 1019 337 1118 379; x_wconf 80' lang='lat' dir='ltr'>Nox,</span> <span class='ocrx_word' id='word_1_250' title='bbox 1146 349 1227 385; x_wconf 79' lang='lat' dir='ltr'><strong>quae</strong></span> <span class='ocrx_word' id='word_1_251' title='bbox 1253 340 1404 383; x_wconf 77' lang='lat' dir='ltr'><strong>propter</strong></span> <span class='ocrx_word' id='word_1_252' title='bbox 1432 335 1530 370; x_wconf 86' lang='lat' dir='ltr'><strong>lunae</strong></span> <span class='ocrx_word' id='word_1_253' title='bbox 1556 335 1682 368; x_wconf 89' lang='lat' dir='ltr'><strong>lumen</strong></span> 
     </span>
     <span class='ocr_line' id='line_1_55' title="bbox 1020 380 1683 423; baseline -0.009 -2"><span class='ocrx_word' id='word_1_254' title='bbox 1020 392 1075 422; x_wconf 84' lang='lat' dir='ltr'><strong>est</strong></span> <span class='ocrx_word' id='word_1_255' title='bbox 1103 388 1210 423; x_wconf 88' lang='lat' dir='ltr'><strong>clara.</strong></span> <span class='ocrx_word' id='word_1_256' title='bbox 1249 387 1336 422; x_wconf 84' lang='lat' dir='ltr'><strong>Nox</strong></span> <span class='ocrx_word' id='word_1_257' title='bbox 1365 386 1472 420; x_wconf 85' lang='lat' dir='ltr'><strong>clara.</strong></span> <span class='ocrx_word' id='word_1_258' title='bbox 1518 386 1626 418; x_wconf 72' lang='grc' dir='ltr'><em>Θῦννοι</em></span> <span class='ocrx_word' id='word_1_259' title='bbox 1654 380 1683 416; x_wconf 76' lang='grc' dir='ltr'><strong>δ’</strong></span> 
     </span>
     <span class='ocr_line' id='line_1_56' title="bbox 1021 431 1684 482; baseline -0.005 -12"><span class='ocrx_word' id='word_1_260' title='bbox 1021 436 1165 482; x_wconf 62' lang='lat' dir='ltr'><strong>viperio-&amp;cn</strong></span> <span class='ocrx_word' id='word_1_261' title='bbox 1180 435 1334 474; x_wconf 72' lang='grc' dir='ltr'><strong>σεληνκιής</strong></span> <span class='ocrx_word' id='word_1_262' title='bbox 1346 434 1397 469; x_wconf 64' lang='grc' dir='ltr'><strong>διὰ</strong></span> <span class='ocrx_word' id='word_1_263' title='bbox 1409 433 1516 472; x_wconf 69' lang='grc' dir='ltr'><strong>νωιἾός.</strong></span> <span class='ocrx_word' id='word_1_264' title='bbox 1535 431 1684 480; x_wconf 78' lang='lat' dir='ltr'><strong>Thynni</strong></span> 
     </span>
     <span class='ocr_line' id='line_1_57' title="bbox 1021 483 1685 531; baseline -0.006 -9"><span class='ocrx_word' id='word_1_265' title='bbox 1021 493 1146 523; x_wconf 88' lang='lat' dir='ltr'><strong>autem</strong></span> <span class='ocrx_word' id='word_1_266' title='bbox 1167 488 1316 521; x_wconf 84' lang='lat' dir='ltr'><strong>venient</strong></span> <span class='ocrx_word' id='word_1_267' title='bbox 1345 486 1441 520; x_wconf 75' lang='lat' dir='ltr'><strong>lunae</strong></span> <span class='ocrx_word' id='word_1_268' title='bbox 1461 496 1527 531; x_wconf 88' lang='lat' dir='ltr'><strong>per</strong></span> <span class='ocrx_word' id='word_1_269' title='bbox 1542 483 1685 519; x_wconf 85' lang='lat' dir='ltr'><strong>lumina</strong></span> 
     </span>
     <span class='ocr_line' id='line_1_58' title="bbox 1022 535 1405 573; baseline -0.005 -2"><span class='ocrx_word' id='word_1_270' title='bbox 1022 542 1145 573; x_wconf 84' lang='lat' dir='ltr'><strong>noctu.</strong></span> <span class='ocrx_word' id='word_1_271' title='bbox 1165 538 1188 571; x_wconf 92' lang='lat' dir='ltr'><strong>i.</strong></span> <span class='ocrx_word' id='word_1_272' title='bbox 1208 540 1266 571; x_wconf 72' lang='lat'><strong>62.</strong></span> <span class='ocrx_word' id='word_1_273' title='bbox 1285 536 1346 570; x_wconf 87' lang='lat' dir='ltr'><strong>AE.</strong></span> <span class='ocrx_word' id='word_1_274' title='bbox 1366 535 1405 570; x_wconf 91' lang='lat' dir='ltr'><strong>P.</strong></span> 
     </span>
    </p>

    <p class='ocr_par' dir='ltr' id='par_1_5' title="bbox 997 582 1687 924">
     <span class='ocr_line' id='line_1_59' title="bbox 997 582 1687 632; baseline -0.001 -12"><span class='ocrx_word' id='word_1_275' title='bbox 997 591 1130 632; x_wconf 71' lang='grc' dir='ltr'><strong>σεμνοῦν,</strong></span> <span class='ocrx_word' id='word_1_276' title='bbox 1168 586 1425 621; x_wconf 86' lang='lat' dir='ltr'><strong>Herodoteum</strong></span> <span class='ocrx_word' id='word_1_277' title='bbox 1457 582 1687 619; x_wconf 82' lang='lat' dir='ltr'><strong>vocabulum.</strong></span> 
     </span>
     <span class='ocr_line' id='line_1_60' title="bbox 1021 633 1687 680; baseline -0.005 -8"><span class='ocrx_word' id='word_1_278' title='bbox 1021 638 1224 672; x_wconf 81' lang='lat' dir='ltr'><strong>Exornare.</strong></span> <span class='ocrx_word' id='word_1_279' title='bbox 1234 637 1430 671; x_wconf 86' lang='lat' dir='ltr'><strong>Illustrare.</strong></span> <span class='ocrx_word' id='word_1_280' title='bbox 1441 633 1687 680; x_wconf 83' lang='lat' dir='ltr'><strong>Magnificum</strong></span> 
     </span>
     <span class='ocr_line' id='line_1_61' title="bbox 1023 683 1686 734; baseline -0.008 -12"><span class='ocrx_word' id='word_1_281' title='bbox 1023 692 1061 721; x_wconf 87' lang='lat' dir='ltr'><strong>et</strong></span> <span class='ocrx_word' id='word_1_282' title='bbox 1077 692 1275 734; x_wconf 84' lang='lat' dir='ltr'><strong>augustum</strong></span> <span class='ocrx_word' id='word_1_283' title='bbox 1296 685 1459 720; x_wconf 84' lang='lat' dir='ltr'><strong>reddere.</strong></span> <span class='ocrx_word' id='word_1_284' title='bbox 1485 683 1686 730; x_wconf 85' lang='lat' dir='ltr'><strong>Magnifice</strong></span> 
     </span>
     <span class='ocr_line' id='line_1_62' title="bbox 1023 734 1685 782; baseline -0.011 -9"><span class='ocrx_word' id='word_1_285' title='bbox 1023 738 1230 782; x_wconf 71' lang='lat' dir='ltr'><strong>pl‘aedicare.</strong></span> <span class='ocrx_word' id='word_1_286' title='bbox 1265 735 1373 781; x_wconf 71' lang='grc' dir='ltr'><em>σεμνέν</em></span> <span class='ocrx_word' id='word_1_287' title='bbox 1403 734 1446 769; x_wconf 67' lang='grc' dir='ltr'><strong>τὰ</strong></span> <span class='ocrx_word' id='word_1_288' title='bbox 1475 734 1544 782; x_wconf 63' lang='lat' dir='ltr'><strong>mg)</strong></span> <span class='ocrx_word' id='word_1_289' title='bbox 1573 736 1685 781; x_wconf 67' lang='grc' dir='ltr'><strong>Κῧξον.</strong></span> 
     </span>
     <span class='ocr_line' id='line_1_63' title="bbox 1024 784 1686 834; baseline -0.008 -11"><span class='ocrx_word' id='word_1_290' title='bbox 1024 789 1160 834; x_wconf 81' lang='lat' dir='ltr'><strong>Cyrum</strong></span> <span class='ocrx_word' id='word_1_291' title='bbox 1172 786 1339 822; x_wconf 86' lang='lat' dir='ltr'><strong>laudibus</strong></span> <span class='ocrx_word' id='word_1_292' title='bbox 1352 784 1535 820; x_wconf 86' lang='lat' dir='ltr'><strong>extollere.</strong></span> <span class='ocrx_word' id='word_1_293' title='bbox 1550 784 1686 830; x_wconf 84' lang='lat' dir='ltr'><strong>Cyrum</strong></span> 
     </span>
     <span class='ocr_line' id='line_1_64' title="bbox 1023 833 1687 884; baseline -0.005 -11"><span class='ocrx_word' id='word_1_294' title='bbox 1023 838 1191 873; x_wconf 87' lang='lat' dir='ltr'><strong>laudibus</strong></span> <span class='ocrx_word' id='word_1_295' title='bbox 1207 836 1458 884; x_wconf 84' lang='lat' dir='ltr'><strong>augustiorem</strong></span> <span class='ocrx_word' id='word_1_296' title='bbox 1482 833 1645 869; x_wconf 83' lang='lat' dir='ltr'><strong>reddere.</strong></span> <span class='ocrx_word' id='word_1_297' title='bbox 1661 833 1687 870; x_wconf 89' lang='lat' dir='ltr'><strong>i.</strong></span> 
     </span>
     <span class='ocr_line' id='line_1_65' title="bbox 1025 892 1084 924; baseline -0.017 0"><span class='ocrx_word' id='word_1_298' title='bbox 1025 892 1084 924; x_wconf 86' lang='lat'><strong>95.</strong></span> 
     </span>
    </p>

    <p class='ocr_par' dir='ltr' id='par_1_6' title="bbox 1000 935 1689 1084">
     <span class='ocr_line' id='line_1_66' title="bbox 1000 935 1687 983; baseline -0.001 -12"><span class='ocrx_word' id='word_1_299' title='bbox 1000 939 1145 972; x_wconf 74' lang='grc' dir='ltr'><strong>σεωϋτοῧ.</strong></span> <span class='ocrx_word' id='word_1_300' title='bbox 1175 938 1254 973; x_wconf 91' lang='lat' dir='ltr'><strong>Ion.</strong></span> <span class='ocrx_word' id='word_1_301' title='bbox 1282 947 1350 983; x_wconf 89' lang='lat' dir='ltr'><strong>pro</strong></span> <span class='ocrx_word' id='word_1_302' title='bbox 1375 947 1508 971; x_wconf 89' lang='lat' dir='ltr'><strong>comm.</strong></span> <span class='ocrx_word' id='word_1_303' title='bbox 1542 935 1687 970; x_wconf 64' lang='grc' dir='ltr'><strong>σεαυτοῦ.</strong></span> 
     </span>
     <span class='ocr_line' id='line_1_67' title="bbox 1024 985 1689 1034; baseline -0.008 -11"><span class='ocrx_word' id='word_1_304' title='bbox 1024 987 1097 1023; x_wconf 91' lang='lat' dir='ltr'><strong>Tui</strong></span> <span class='ocrx_word' id='word_1_305' title='bbox 1112 988 1234 1034; x_wconf 89' lang='lat' dir='ltr'><strong>ipsius.</strong></span> <span class='ocrx_word' id='word_1_306' title='bbox 1253 987 1277 1022; x_wconf 91' lang='lat' dir='ltr'><strong>i.</strong></span> <span class='ocrx_word' id='word_1_307' title='bbox 1292 990 1353 1022; x_wconf 81' lang='lat'><strong>45.</strong></span> <span class='ocrx_word' id='word_1_308' title='bbox 1382 985 1514 1030; x_wconf 69' lang='grc' dir='ltr'><em>σεωΰτῷ,</em></span> <span class='ocrx_word' id='word_1_309' title='bbox 1544 996 1612 1032; x_wconf 87' lang='lat' dir='ltr'><strong>pro</strong></span> <span class='ocrx_word' id='word_1_310' title='bbox 1638 997 1689 1019; x_wconf 66' lang='grc' dir='ltr'><strong>σε·</strong></span> 
     </span>
     <span class='ocr_line' id='line_1_68' title="bbox 1025 1037 1476 1084; baseline -0.004 -12"><span class='ocrx_word' id='word_1_311' title='bbox 1025 1039 1123 1084; x_wconf 71' lang='grc' dir='ltr'><em>αυτῷ.</em></span> <span class='ocrx_word' id='word_1_312' title='bbox 1152 1038 1237 1072; x_wconf 80' lang='lat' dir='ltr'><strong>Tibi</strong></span> <span class='ocrx_word' id='word_1_313' title='bbox 1255 1038 1332 1084; x_wconf 74' lang='lat' dir='ltr'><strong>ipsi.</strong></span> <span class='ocrx_word' id='word_1_314' title='bbox 1348 1037 1373 1070; x_wconf 82' lang='lat' dir='ltr'><strong>i.</strong></span> <span class='ocrx_word' id='word_1_315' title='bbox 1395 1038 1476 1070; x_wconf 88' lang='lat'><strong>108.</strong></span> 
     </span>
    </p>

    <p class='ocr_par' dir='ltr' id='par_1_7' title="bbox 1001 1087 1690 1384">
     <span class='ocr_line' id='line_1_69' title="bbox 1001 1087 1688 1134; baseline 0 -13"><span class='ocrx_word' id='word_1_316' title='bbox 1001 1087 1163 1134; x_wconf 62' lang='grc' dir='ltr'><strong>σημαίνειν.</strong></span> <span class='ocrx_word' id='word_1_317' title='bbox 1190 1088 1270 1122; x_wconf 82' lang='lat' dir='ltr'><strong>Ion.</strong></span> <span class='ocrx_word' id='word_1_318' title='bbox 1290 1092 1328 1121; x_wconf 83' lang='lat' dir='ltr'><strong>et</strong></span> <span class='ocrx_word' id='word_1_319' title='bbox 1344 1090 1441 1132; x_wconf 78' lang='lat' dir='ltr'><strong>poet.</strong></span> <span class='ocrx_word' id='word_1_320' title='bbox 1470 1096 1538 1131; x_wconf 81' lang='lat' dir='ltr'><strong>pro</strong></span> <span class='ocrx_word' id='word_1_321' title='bbox 1553 1095 1688 1121; x_wconf 78' lang='lat' dir='ltr'><strong>comm.</strong></span> 
     </span>
     <span class='ocr_line' id='line_1_70' title="bbox 1025 1133 1688 1184; baseline -0.005 -13"><span class='ocrx_word' id='word_1_322' title='bbox 1025 1136 1164 1173; x_wconf 71' lang='grc' dir='ltr'>κελεύειν.</span> <span class='ocrx_word' id='word_1_323' title='bbox 1199 1138 1396 1184; x_wconf 86' lang='lat' dir='ltr'><strong>Imperare.</strong></span> <span class='ocrx_word' id='word_1_324' title='bbox 1435 1135 1581 1170; x_wconf 88' lang='lat' dir='ltr'><strong>Jubere.</strong></span> <span class='ocrx_word' id='word_1_325' title='bbox 1622 1133 1688 1172; x_wconf 71' lang='grc' dir='ltr'><strong>ἐσή-</strong></span> 
     </span>
     <span class='ocr_line' id='line_1_71' title="bbox 1024 1183 1688 1236; baseline -0.008 -14"><span class='ocrx_word' id='word_1_326' title='bbox 1024 1202 1116 1234; x_wconf 64' lang='grc' dir='ltr'><em>μαινε</em></span> <span class='ocrx_word' id='word_1_327' title='bbox 1132 1186 1369 1236; x_wconf 39' lang='lat' dir='ltr'><strong>megaerae-&amp;xl</strong></span> <span class='ocrx_word' id='word_1_328' title='bbox 1382 1199 1415 1220; x_wconf 77' lang='grc' dir='ltr'><strong>τε</strong></span> <span class='ocrx_word' id='word_1_329' title='bbox 1432 1184 1551 1224; x_wconf 64' lang='grc' dir='ltr'>πάντα,</span> <span class='ocrx_word' id='word_1_330' title='bbox 1567 1185 1622 1218; x_wconf 66' lang='grc' dir='ltr'><strong>καὶ</strong></span> <span class='ocrx_word' id='word_1_331' title='bbox 1641 1183 1688 1218; x_wconf 79' lang='grc' dir='ltr'><strong>εὖ-</strong></span> 
     </span>
     <span class='ocr_line' id='line_1_72' title="bbox 1027 1234 1690 1286; baseline -0.002 -16"><span class='ocrx_word' id='word_1_332' title='bbox 1027 1237 1128 1286; x_wconf 58' lang='lat' dir='ltr'><strong>nemias</strong></span> <span class='ocrx_word' id='word_1_333' title='bbox 1170 1237 1338 1272; x_wconf 48' lang='lat' dir='ltr'><strong>voden-Soza.</strong></span> <span class='ocrx_word' id='word_1_334' title='bbox 1381 1237 1531 1271; x_wconf 74' lang='grc' dir='ltr'><strong>1Χ.42.</strong></span> <span class='ocrx_word' id='word_1_335' title='bbox 1574 1234 1690 1270; x_wconf 74' lang='lat' dir='ltr'><strong>JUSSit</strong></span> 
     </span>
     <span class='ocr_line' id='line_1_73' title="bbox 1028 1285 1690 1335; baseline -0.003 -13"><span class='ocrx_word' id='word_1_336' title='bbox 1028 1288 1153 1324; x_wconf 85' lang='lat' dir='ltr'><strong>omnia</strong></span> <span class='ocrx_word' id='word_1_337' title='bbox 1169 1287 1378 1335; x_wconf 71' lang='lat' dir='ltr'><strong>praeparari,</strong></span> <span class='ocrx_word' id='word_1_338' title='bbox 1393 1291 1430 1321; x_wconf 89' lang='lat' dir='ltr'><strong>et</strong></span> <span class='ocrx_word' id='word_1_339' title='bbox 1447 1285 1576 1321; x_wconf 89' lang='lat' dir='ltr'><strong>ordine</strong></span> <span class='ocrx_word' id='word_1_340' title='bbox 1590 1289 1690 1320; x_wconf 85' lang='lat' dir='ltr'><strong>recte</strong></span> 
     </span>
     <span class='ocr_line' id='line_1_74' title="bbox 1028 1338 1184 1384; baseline 0.013 -12"><span class='ocrx_word' id='word_1_341' title='bbox 1028 1338 1184 1384; x_wconf 86' lang='lat' dir='ltr'><strong>disponi.</strong></span> 
     </span>
    </p>

    <p class='ocr_par' dir='ltr' id='par_1_8' title="bbox 1004 1387 1694 1524">
     <span class='ocr_line' id='line_1_75' title="bbox 1004 1387 1694 1436; baseline -0.004 -14"><span class='ocrx_word' id='word_1_342' title='bbox 1004 1387 1182 1436; x_wconf 65' lang='grc' dir='ltr'><em>σημάντως,</em></span> <span class='ocrx_word' id='word_1_343' title='bbox 1200 1403 1275 1436; x_wconf 65' lang='grc' dir='ltr'><strong><em>οςος,</em></strong></span> <span class='ocrx_word' id='word_1_344' title='bbox 1303 1387 1328 1422; x_wconf 78' lang='grc' dir='ltr'><strong>ὁ.</strong></span> <span class='ocrx_word' id='word_1_345' title='bbox 1355 1387 1435 1422; x_wconf 85' lang='lat' dir='ltr'><strong>Ion.</strong></span> <span class='ocrx_word' id='word_1_346' title='bbox 1453 1391 1491 1421; x_wconf 88' lang='lat' dir='ltr'><strong>et</strong></span> <span class='ocrx_word' id='word_1_347' title='bbox 1508 1390 1604 1433; x_wconf 90' lang='lat' dir='ltr'><strong>poet.</strong></span> <span class='ocrx_word' id='word_1_348' title='bbox 1621 1395 1694 1432; x_wconf 79' lang='lat' dir='ltr'><strong>pro</strong></span> 
     </span>
     <span class='ocr_line' id='line_1_76' title="bbox 1029 1436 1690 1484; baseline 0.002 -12"><span class='ocrx_word' id='word_1_349' title='bbox 1029 1449 1162 1473; x_wconf 88' lang='lat' dir='ltr'><strong>comm.</strong></span> <span class='ocrx_word' id='word_1_350' title='bbox 1192 1436 1321 1484; x_wconf 67' lang='grc' dir='ltr'><strong>ἡγεμών.</strong></span> <span class='ocrx_word' id='word_1_351' title='bbox 1347 1437 1450 1473; x_wconf 76' lang='lat' dir='ltr'><strong>Dux.</strong></span> <span class='ocrx_word' id='word_1_352' title='bbox 1472 1436 1690 1483; x_wconf 80' lang='lat' dir='ltr'><strong>Imperator.</strong></span> 
     </span>
     <span class='ocr_line' id='line_1_77' title="bbox 1031 1489 1166 1524; baseline 0.022 -3"><span class='ocrx_word' id='word_1_353' title='bbox 1031 1489 1088 1523; x_wconf 78' lang='lat' dir='ltr'><strong>vii.</strong></span> <span class='ocrx_word' id='word_1_354' title='bbox 1107 1492 1166 1524; x_wconf 84' lang='lat'><strong>81.</strong></span> 
     </span>
    </p>

    <p class='ocr_par' dir='ltr' id='par_1_9' title="bbox 1005 1535 1693 2273">
     <span class='ocr_line' id='line_1_78' title="bbox 1005 1535 1691 1586; baseline -0.001 -14"><span class='ocrx_word' id='word_1_355' title='bbox 1005 1535 1143 1586; x_wconf 60' lang='grc' dir='ltr'><strong>σιδήριον,</strong></span> <span class='ocrx_word' id='word_1_356' title='bbox 1166 1554 1213 1578; x_wconf 83' lang='lat' dir='ltr'><strong>ov,</strong></span> <span class='ocrx_word' id='word_1_357' title='bbox 1240 1536 1287 1572; x_wconf 77' lang='grc' dir='ltr'><strong>τό.</strong></span> <span class='ocrx_word' id='word_1_358' title='bbox 1313 1537 1361 1572; x_wconf 94' lang='lat' dir='ltr'><strong>N.</strong></span> <span class='ocrx_word' id='word_1_359' title='bbox 1389 1536 1439 1572; x_wconf 93' lang='lat' dir='ltr'><strong>H.</strong></span> <span class='ocrx_word' id='word_1_360' title='bbox 1463 1547 1531 1583; x_wconf 86' lang='lat' dir='ltr'><strong>pro</strong></span> <span class='ocrx_word' id='word_1_361' title='bbox 1556 1547 1691 1571; x_wconf 86' lang='lat' dir='ltr'><strong>comm.</strong></span> 
     </span>
     <span class='ocr_line' id='line_1_79' title="bbox 1030 1586 1693 1636; baseline 0.002 -15"><span class='ocrx_word' id='word_1_362' title='bbox 1030 1586 1165 1636; x_wconf 66' lang='grc' dir='ltr'><strong>σιδηξοῧν</strong></span> <span class='ocrx_word' id='word_1_363' title='bbox 1191 1586 1358 1636; x_wconf 67' lang='grc' dir='ltr'><strong>ἒςγοιλεῒον.</strong></span> <span class='ocrx_word' id='word_1_364' title='bbox 1396 1587 1693 1622; x_wconf 82' lang='lat' dir='ltr'><strong>Instrumentum-</strong></span> 
     </span>
     <span class='ocr_line' id='line_1_80' title="bbox 1030 1636 1691 1682; baseline -0.003 -10"><span class='ocrx_word' id='word_1_365' title='bbox 1030 1638 1202 1673; x_wconf 82' lang='lat' dir='ltr'><strong>ferreum.</strong></span> <span class='ocrx_word' id='word_1_366' title='bbox 1242 1637 1534 1675; x_wconf 85' lang='lat' dir='ltr'><strong>Ferramentum,</strong></span> <span class='ocrx_word' id='word_1_367' title='bbox 1570 1636 1691 1682; x_wconf 88' lang='lat' dir='ltr'><strong>spicu-</strong></span> 
     </span>
     <span class='ocr_line' id='line_1_81' title="bbox 1029 1683 1690 1734; baseline -0.005 -11"><span class='ocrx_word' id='word_1_368' title='bbox 1029 1688 1117 1723; x_wconf 78' lang='lat' dir='ltr'><strong>luln.</strong></span> <span class='ocrx_word' id='word_1_369' title='bbox 1162 1685 1375 1733; x_wconf 58' lang='grc' dir='ltr'><strong>ἐσενειχθέντος</strong></span> <span class='ocrx_word' id='word_1_370' title='bbox 1405 1702 1465 1725; x_wconf 77' lang='grc' dir='ltr'><strong>κως</strong></span> <span class='ocrx_word' id='word_1_371' title='bbox 1497 1683 1630 1734; x_wconf 67' lang='grc' dir='ltr'><strong><em>σιὸηξίου</em></strong></span> <span class='ocrx_word' id='word_1_372' title='bbox 1660 1684 1690 1720; x_wconf 77' lang='grc' dir='ltr'><strong>ἒ-</strong></span> 
     </span>
     <span class='ocr_line' id='line_1_82' title="bbox 1029 1736 1691 1786; baseline 0 -15"><span class='ocrx_word' id='word_1_373' title='bbox 1029 1737 1175 1786; x_wconf 61' lang='lat' dir='ltr'><strong>›cedma-5.</strong></span> <span class='ocrx_word' id='word_1_374' title='bbox 1208 1737 1256 1772; x_wconf 79' lang='lat' dir='ltr'><strong>ix.</strong></span> <span class='ocrx_word' id='word_1_375' title='bbox 1295 1740 1355 1776; x_wconf 77' lang='grc'><strong>37.</strong></span> <span class='ocrx_word' id='word_1_376' title='bbox 1394 1737 1523 1772; x_wconf 81' lang='lat' dir='ltr'><strong>Valla:</strong></span> <span class='ocrx_word' id='word_1_377' title='bbox 1563 1736 1691 1777; x_wconf 79' lang='lat' dir='ltr'><strong>Ferro,</strong></span> 
     </span>
     <span class='ocr_line' id='line_1_83' title="bbox 1030 1785 1690 1835; baseline -0.002 -12"><span class='ocrx_word' id='word_1_378' title='bbox 1030 1788 1129 1835; x_wconf 90' lang='lat' dir='ltr'><strong>quod</strong></span> <span class='ocrx_word' id='word_1_379' title='bbox 1158 1787 1303 1822; x_wconf 87' lang='lat' dir='ltr'><strong>illatum.</strong></span> <span class='ocrx_word' id='word_1_380' title='bbox 1333 1787 1416 1828; x_wconf 88' lang='lat' dir='ltr'><strong>fuit,</strong></span> <span class='ocrx_word' id='word_1_381' title='bbox 1450 1787 1599 1833; x_wconf 76' lang='lat' dir='ltr'><strong>potitus,</strong></span> <span class='ocrx_word' id='word_1_382' title='bbox 1627 1785 1690 1822; x_wconf 88' lang='lat' dir='ltr'><strong>AE.</strong></span> 
     </span>
     <span class='ocr_line' id='line_1_84' title="bbox 1030 1836 1690 1884; baseline -0.003 -11"><span class='ocrx_word' id='word_1_383' title='bbox 1030 1838 1071 1873; x_wconf 83' lang='lat' dir='ltr'><strong>P.</strong></span> <span class='ocrx_word' id='word_1_384' title='bbox 1097 1838 1350 1873; x_wconf 88' lang='lat' dir='ltr'><strong>Instrumento</strong></span> <span class='ocrx_word' id='word_1_385' title='bbox 1366 1837 1499 1877; x_wconf 87' lang='lat' dir='ltr'><strong>ferreo,</strong></span> <span class='ocrx_word' id='word_1_386' title='bbox 1519 1836 1617 1884; x_wconf 91' lang='lat' dir='ltr'><strong>quod</strong></span> <span class='ocrx_word' id='word_1_387' title='bbox 1633 1836 1690 1882; x_wconf 91' lang='lat' dir='ltr'><strong>[in</strong></span> 
     </span>
     <span class='ocr_line' id='line_1_85' title="bbox 1030 1887 1690 1933; baseline -0.003 -10"><span class='ocrx_word' id='word_1_388' title='bbox 1030 1888 1229 1933; x_wconf 86' lang='lat' dir='ltr'><strong>carcerem]</strong></span> <span class='ocrx_word' id='word_1_389' title='bbox 1258 1887 1354 1922; x_wconf 86' lang='lat' dir='ltr'><strong>forte</strong></span> <span class='ocrx_word' id='word_1_390' title='bbox 1380 1887 1502 1922; x_wconf 81' lang='lat' dir='ltr'><strong>fuerat</strong></span> <span class='ocrx_word' id='word_1_391' title='bbox 1533 1887 1690 1926; x_wconf 82' lang='lat' dir='ltr'><strong>illatum,</strong></span> 
     </span>
     <span class='ocr_line' id='line_1_86' title="bbox 1030 1936 1692 1985; baseline -0.005 -12"><span class='ocrx_word' id='word_1_392' title='bbox 1030 1939 1168 1985; x_wconf 88' lang='lat' dir='ltr'><strong>potitus</strong></span> <span class='ocrx_word' id='word_1_393' title='bbox 1185 1942 1250 1972; x_wconf 88' lang='lat' dir='ltr'><strong>est.</strong></span> <span class='ocrx_word' id='word_1_394' title='bbox 1283 1938 1454 1972; x_wconf 91' lang='lat' dir='ltr'><strong>Cultrum</strong></span> <span class='ocrx_word' id='word_1_395' title='bbox 1470 1941 1595 1972; x_wconf 82' lang='lat' dir='ltr'><strong>autem</strong></span> <span class='ocrx_word' id='word_1_396' title='bbox 1619 1936 1692 1972; x_wconf 91' lang='lat' dir='ltr'><strong>fer-</strong></span> 
     </span>
     <span class='ocr_line' id='line_1_87' title="bbox 1031 1985 1691 2034; baseline -0.005 -11"><span class='ocrx_word' id='word_1_397' title='bbox 1031 2000 1148 2030; x_wconf 86' lang='lat' dir='ltr'><strong>reum,</strong></span> <span class='ocrx_word' id='word_1_398' title='bbox 1166 1989 1223 2023; x_wconf 81' lang='lat' dir='ltr'><strong>vel</strong></span> <span class='ocrx_word' id='word_1_399' title='bbox 1238 1988 1365 2022; x_wconf 88' lang='lat' dir='ltr'><strong>limam</strong></span> <span class='ocrx_word' id='word_1_400' title='bbox 1377 1988 1584 2034; x_wconf 86' lang='lat' dir='ltr'><strong>intelligere</strong></span> <span class='ocrx_word' id='word_1_401' title='bbox 1593 1985 1691 2021; x_wconf 88' lang='lat' dir='ltr'><strong>vide-</strong></span> 
     </span>
     <span class='ocr_line' id='line_1_88' title="bbox 1030 2034 1691 2083; baseline -0.003 -10"><span class='ocrx_word' id='word_1_402' title='bbox 1030 2044 1104 2080; x_wconf 88' lang='lat' dir='ltr'><strong>tur,</strong></span> <span class='ocrx_word' id='word_1_403' title='bbox 1133 2039 1196 2073; x_wconf 87' lang='lat' dir='ltr'><strong>sed</strong></span> <span class='ocrx_word' id='word_1_404' title='bbox 1221 2038 1380 2073; x_wconf 89' lang='lat' dir='ltr'><strong>cultrum</strong></span> <span class='ocrx_word' id='word_1_405' title='bbox 1406 2038 1539 2083; x_wconf 84' lang='lat' dir='ltr'><strong>potius.</strong></span> <span class='ocrx_word' id='word_1_406' title='bbox 1573 2034 1691 2081; x_wconf 82' lang='lat' dir='ltr'><strong>Subji-</strong></span> 
     </span>
     <span class='ocr_line' id='line_1_89' title="bbox 1030 2085 1691 2132; baseline -0.005 -9"><span class='ocrx_word' id='word_1_407' title='bbox 1030 2089 1081 2123; x_wconf 90' lang='lat' dir='ltr'><strong>cit</strong></span> <span class='ocrx_word' id='word_1_408' title='bbox 1098 2090 1198 2123; x_wconf 89' lang='lat' dir='ltr'><strong>enim</strong></span> <span class='ocrx_word' id='word_1_409' title='bbox 1224 2087 1448 2129; x_wconf 87' lang='lat' dir='ltr'><strong>Herodotus,</strong></span> <span class='ocrx_word' id='word_1_410' title='bbox 1478 2085 1691 2132; x_wconf 58' lang='grc' dir='ltr'><strong>ςοῶμησαίμε-</strong></span> 
     </span>
     <span class='ocr_line' id='line_1_90' title="bbox 1033 2136 1691 2186; baseline -0.003 -14"><span class='ocrx_word' id='word_1_411' title='bbox 1033 2154 1075 2177; x_wconf 79' lang='grc' dir='ltr'><strong>νος</strong></span> <span class='ocrx_word' id='word_1_412' title='bbox 1101 2140 1166 2186; x_wconf 57' lang='grc' dir='ltr'><strong>γὰρ</strong></span> <span class='ocrx_word' id='word_1_413' title='bbox 1193 2138 1269 2176; x_wconf 70' lang='grc' dir='ltr'><strong><em>’ὅκως</em></strong></span> <span class='ocrx_word' id='word_1_414' title='bbox 1298 2136 1490 2180; x_wconf 65' lang='grc' dir='ltr'><strong>ἐξελεύσεταί</strong></span> <span class='ocrx_word' id='word_1_415' title='bbox 1509 2136 1536 2171; x_wconf 83' lang='grc' dir='ltr'><strong>οἱ</strong></span> <span class='ocrx_word' id='word_1_416' title='bbox 1561 2137 1595 2170; x_wconf 70' lang='grc' dir='ltr'><strong>τὶ</strong></span> <span class='ocrx_word' id='word_1_417' title='bbox 1623 2144 1691 2170; x_wconf 79' lang='grc' dir='ltr'><strong>λοι-</strong></span> 
     </span>
     <span class='ocr_line' id='line_1_91' title="bbox 1031 2185 1692 2234; baseline -0.005 -12"><span class='ocrx_word' id='word_1_418' title='bbox 1031 2190 1088 2222; x_wconf 71' lang='grc' dir='ltr'><strong>πὸν</strong></span> <span class='ocrx_word' id='word_1_419' title='bbox 1113 2192 1169 2223; x_wconf 77' lang='grc' dir='ltr'><strong>τοῦ</strong></span> <span class='ocrx_word' id='word_1_420' title='bbox 1195 2185 1307 2226; x_wconf 51' lang='grc' dir='ltr'>ποδὸς</span> <span class='ocrx_word' id='word_1_421' title='bbox 1326 2185 1472 2233; x_wconf 57' lang='grc' dir='ltr'><strong>ἀπέταμε</strong></span> <span class='ocrx_word' id='word_1_422' title='bbox 1500 2187 1550 2221; x_wconf 70' lang='grc' dir='ltr'><strong>τὸν</strong></span> <span class='ocrx_word' id='word_1_423' title='bbox 1578 2186 1692 2234; x_wconf 60' lang='lat' dir='ltr'><strong>vongo-in</strong></span> 
     </span>
     <span class='ocr_line' id='line_1_92' title="bbox 1031 2238 1156 2273; baseline 0.016 -2"><span class='ocrx_word' id='word_1_424' title='bbox 1031 2238 1156 2273; x_wconf 73' lang='grc' dir='ltr'><em>ἓωϋτοῧ.</em></span> 
     </span>
    </p>

    <p class='ocr_par' dir='ltr' id='par_1_10' title="bbox 1007 2285 1732 2738">
     <span class='ocr_line' id='line_1_93' title="bbox 1007 2285 1692 2337; baseline -0.001 -16"><span class='ocrx_word' id='word_1_425' title='bbox 1007 2285 1202 2337; x_wconf 62' lang='grc' dir='ltr'><strong>σιδηξόδετος,</strong></span> <span class='ocrx_word' id='word_1_426' title='bbox 1222 2302 1268 2328; x_wconf 87' lang='grc' dir='ltr'><strong>ου,</strong></span> <span class='ocrx_word' id='word_1_427' title='bbox 1284 2286 1308 2322; x_wconf 72' lang='lat' dir='ltr'><strong>o‘.</strong></span> <span class='ocrx_word' id='word_1_428' title='bbox 1326 2286 1374 2322; x_wconf 88' lang='lat' dir='ltr'><strong>N.</strong></span> <span class='ocrx_word' id='word_1_429' title='bbox 1393 2286 1444 2322; x_wconf 83' lang='lat' dir='ltr'><strong>H.</strong></span> <span class='ocrx_word' id='word_1_430' title='bbox 1471 2287 1584 2322; x_wconf 81' lang='lat' dir='ltr'><strong>Ferro</strong></span> <span class='ocrx_word' id='word_1_431' title='bbox 1600 2286 1692 2332; x_wconf 76' lang='lat' dir='ltr'><strong>liga-</strong></span> 
     </span>
     <span class='ocr_line' id='line_1_94' title="bbox 1032 2334 1690 2380; baseline -0.006 -8"><span class='ocrx_word' id='word_1_432' title='bbox 1032 2344 1101 2373; x_wconf 85' lang='lat' dir='ltr'><strong>tus.</strong></span> <span class='ocrx_word' id='word_1_433' title='bbox 1128 2338 1240 2372; x_wconf 87' lang='lat' dir='ltr'><strong>Ferro</strong></span> <span class='ocrx_word' id='word_1_434' title='bbox 1256 2338 1409 2372; x_wconf 81' lang='lat' dir='ltr'><strong>vinctus.</strong></span> <span class='ocrx_word' id='word_1_435' title='bbox 1440 2334 1547 2370; x_wconf 68' lang='grc' dir='ltr'><strong>ἐδέδετο</strong></span> <span class='ocrx_word' id='word_1_436' title='bbox 1566 2335 1590 2370; x_wconf 80' lang='grc' dir='ltr'><strong>ἐν</strong></span> <span class='ocrx_word' id='word_1_437' title='bbox 1606 2334 1690 2380; x_wconf 70' lang='grc' dir='ltr'><strong>ξὺλᾳ</strong></span> 
     </span>
     <span class='ocr_line' id='line_1_95' title="bbox 1033 2385 1690 2436; baseline -0.003 -15"><span class='ocrx_word' id='word_1_438' title='bbox 1033 2385 1219 2436; x_wconf 54' lang='grc' dir='ltr'><em>σιὸἠςοδέτῳ.</em></span> <span class='ocrx_word' id='word_1_439' title='bbox 1231 2388 1342 2426; x_wconf 85' lang='lat' dir='ltr'><strong>ix.37.</strong></span> <span class='ocrx_word' id='word_1_440' title='bbox 1355 2387 1473 2422; x_wconf 88' lang='lat' dir='ltr'><strong>Valla:</strong></span> <span class='ocrx_word' id='word_1_441' title='bbox 1490 2387 1535 2421; x_wconf 92' lang='lat' dir='ltr'><strong>In</strong></span> <span class='ocrx_word' id='word_1_442' title='bbox 1548 2385 1690 2433; x_wconf 66' lang='lat' dir='ltr'><strong>ligness,</strong></span> 
     </span>
     <span class='ocr_line' id='line_1_96' title="bbox 1033 2437 1690 2472; baseline -0.005 0"><span class='ocrx_word' id='word_1_443' title='bbox 1033 2444 1070 2472; x_wconf 85' lang='lat' dir='ltr'><strong>et</strong></span> <span class='ocrx_word' id='word_1_444' title='bbox 1107 2438 1251 2472; x_wconf 79' lang='lat' dir='ltr'><strong>ferratis</strong></span> <span class='ocrx_word' id='word_1_445' title='bbox 1289 2437 1394 2472; x_wconf 86' lang='lat' dir='ltr'><strong>soleis</strong></span> <span class='ocrx_word' id='word_1_446' title='bbox 1427 2437 1567 2471; x_wconf 84' lang='lat' dir='ltr'><strong>vinctus</strong></span> <span class='ocrx_word' id='word_1_447' title='bbox 1601 2438 1690 2470; x_wconf 88' lang='lat' dir='ltr'><strong>erat.</strong></span> 
     </span>
     <span class='ocr_line' id='line_1_97' title="bbox 1033 2482 1692 2532; baseline -0.008 -10"><span class='ocrx_word' id='word_1_448' title='bbox 1033 2487 1246 2522; x_wconf 86' lang='lat' dir='ltr'><strong>Herodotus</strong></span> <span class='ocrx_word' id='word_1_449' title='bbox 1271 2488 1340 2521; x_wconf 89' lang='lat' dir='ltr'><strong>hoc</strong></span> <span class='ocrx_word' id='word_1_450' title='bbox 1365 2488 1444 2521; x_wconf 93' lang='lat' dir='ltr'><strong>loco</strong></span> <span class='ocrx_word' id='word_1_451' title='bbox 1467 2484 1557 2528; x_wconf 66' lang='grc' dir='ltr'>ξύλον</span> <span class='ocrx_word' id='word_1_452' title='bbox 1576 2482 1692 2532; x_wconf 53' lang='lat' dir='ltr'><strong>‹rahnei-</strong></span> 
     </span>
     <span class='ocr_line' id='line_1_98' title="bbox 1033 2535 1690 2583; baseline -0.006 -11"><span class='ocrx_word' id='word_1_453' title='bbox 1033 2535 1114 2572; x_wconf 73' lang='grc' dir='ltr'><strong><em>ἓετον</em></strong></span> <span class='ocrx_word' id='word_1_454' title='bbox 1135 2543 1238 2571; x_wconf 78' lang='lat' dir='ltr'><strong>vocat</strong></span> <span class='ocrx_word' id='word_1_455' title='bbox 1255 2537 1394 2583; x_wconf 88' lang='lat' dir='ltr'><strong>ligneas</strong></span> <span class='ocrx_word' id='word_1_456' title='bbox 1411 2535 1603 2582; x_wconf 88' lang='lat' dir='ltr'><strong>compedes</strong></span> <span class='ocrx_word' id='word_1_457' title='bbox 1619 2535 1690 2569; x_wconf 88' lang='lat' dir='ltr'><strong>fer-</strong></span> 
     </span>
     <span class='ocr_line' id='line_1_99' title="bbox 1032 2583 1690 2632; baseline -0.006 -10"><span class='ocrx_word' id='word_1_458' title='bbox 1032 2588 1102 2622; x_wconf 81' lang='lat' dir='ltr'><strong>reis</strong></span> <span class='ocrx_word' id='word_1_459' title='bbox 1121 2588 1264 2622; x_wconf 84' lang='lat' dir='ltr'><strong>laminis</strong></span> <span class='ocrx_word' id='word_1_460' title='bbox 1290 2587 1460 2624; x_wconf 82' lang='lat' dir='ltr'><strong>munitas,</strong></span> <span class='ocrx_word' id='word_1_461' title='bbox 1489 2585 1617 2632; x_wconf 90' lang='lat' dir='ltr'><strong>quibus</strong></span> <span class='ocrx_word' id='word_1_462' title='bbox 1634 2583 1690 2618; x_wconf 86' lang='lat' dir='ltr'><strong>fu-</strong></span> 
     </span>
     <span class='ocr_line' id='line_1_100' title="bbox 1031 2635 1732 2684; baseline -0.006 -13"><span class='ocrx_word' id='word_1_463' title='bbox 1031 2638 1146 2684; x_wconf 80' lang='lat' dir='ltr'><strong>gitiva</strong></span> <span class='ocrx_word' id='word_1_464' title='bbox 1185 2637 1377 2683; x_wconf 87' lang='lat' dir='ltr'><strong>mancipia,</strong></span> <span class='ocrx_word' id='word_1_465' title='bbox 1424 2636 1478 2670; x_wconf 91' lang='lat' dir='ltr'><strong>vel</strong></span> <span class='ocrx_word' id='word_1_466' title='bbox 1526 2635 1691 2670; x_wconf 87' lang='lat' dir='ltr'><strong>homines</strong></span> <span class='ocrx_word' id='word_1_467' title='bbox 1729 2650 1732 2658; x_wconf 45' lang='grc' dir='ltr'><strong><em>ι</em></strong></span> 
     </span>
     <span class='ocr_line' id='line_1_101' title="bbox 1031 2682 1691 2733; baseline -0.009 -9"><span class='ocrx_word' id='word_1_468' title='bbox 1031 2688 1226 2724; x_wconf 73' lang='lat' dir='ltr'><strong>facinorosi</strong></span> <span class='ocrx_word' id='word_1_469' title='bbox 1250 2688 1289 2726; x_wconf 86' lang='lat' dir='ltr'><strong>in</strong></span> <span class='ocrx_word' id='word_1_470' title='bbox 1314 2697 1497 2723; x_wconf 87' lang='lat' dir='ltr'><strong>carcerem</strong></span> <span class='ocrx_word' id='word_1_471' title='bbox 1525 2697 1548 2722; x_wconf 84' lang='lat' dir='ltr'><strong>a</strong></span> <span class='ocrx_word' id='word_1_472' title='bbox 1571 2682 1691 2733; x_wconf 80' lang='lat' dir='ltr'><strong>Magi·</strong></span> 
     </span>
    </p>
   </div>
  </div>
 </body>
</html>
