1732 3045
935 102 974 142 vi

268 201 459 241 Lectores
499 199 682 239 discendi
721 201 895 254 cupidos
939 209 981 241 et
1021 200 1194 255 Linguae
1233 202 1394 243 Graecae
1432 204 1635 244 studiosos

261 266 466 319 juvarem,
488 273 529 304 et
549 264 861 305 difficultatibus
883 266 1111 315 liberarem,
1140 281 1232 320 quae
1253 267 1447 308 Juniores
1469 269 1634 322 potissi-

265 343 378 368 mum
424 330 478 368 ob
517 329 667 369 celeres
706 330 936 370 animorum
975 339 1126 380 motus,
1165 339 1207 370 et
1251 332 1455 384 quendam
1503 333 1637 373 aetatis

263 394 496 447 mentisque
526 393 743 443 fervorem,
774 409 798 434 a
833 395 991 434 Graecis
1022 395 1158 435 Musis
1189 398 1443 446 avertebant,
1484 406 1555 437 aut
1586 398 1638 436 ad

261 458 422 511 majora
439 468 702 512 properantes
721 459 996 509 retardabant,
1012 460 1092 500 hoc
1115 460 1328 500 IomcoM
1348 462 1639 502 GRAEco-LA-

262 536 421 563 TrNUM
439 523 806 574 DicrioNARuM‚
828 525 936 577 quod
952 525 1257 565 accuratissime
1275 527 1634 580 eonscripsi,nunc

262 588 440 641 primum
461 589 570 642 typis
591 588 727 628 curavi
753 589 1044 628 mandandum.
1086 589 1239 629 Verum
1263 598 1306 629 ut
1326 605 1466 630 omnes
1486 591 1635 630 intelli—

261 661 376 706 gant,
409 667 490 705 qua
519 653 612 702 fide,
645 667 724 706 qua
756 653 985 707 diligentia,
1016 668 1098 706 quo
1120 655 1270 703 studio,
1302 654 1550 695 laboriosum
1585 669 1633 695 ac

261 717 478 756 molestum
500 731 619 771 opus,
640 717 780 757 divina
799 718 932 772 gratia
951 717 1093 767 fretus,
1118 718 1381 768 confecerim,
1403 719 1501 772 quid
1524 720 1564 759 in
1583 734 1633 760 eo

261 781 539 835 praestiterim,
561 782 697 822 dicere
717 796 797 821 non
822 783 1038 836 gravabor.

317 845 413 885 Hoc
432 860 533 899 opus
553 854 792 900 perpetuam
812 846 1062 886 Herodoteae
1084 847 1244 887 Latinae
1264 848 1475 897 versionis,
1493 848 1632 888 Graeci

260 918 400 950 textus
421 910 560 950 multis
583 912 623 950 in
645 911 759 961 locis,
781 911 1123 962 emendationem,
1147 912 1302 953 Ionicae
1334 913 1507 966 Linguae
1537 927 1631 966 pro-

260 975 453 1027 prietate—s
483 985 525 1014 et
554 975 820 1015 formationes
850 976 900 1015 ad
929 976 1098 1016 minime
1128 977 1254 1017 diibia
1285 986 1492 1031 praecepta
1522 991 1631 1017 sum-

259 1039 403 1078 matim
434 1048 657 1089 revocatas,
689 1048 814 1093 utque
844 1039 1004 1079 facilius
1026 1055 1049 1080 a
1069 1042 1214 1094 quovis
1244 1041 1519 1090 inveniantur,
1548 1041 1631 1080 ele-

258 1112 491 1143 mentorum
513 1105 654 1144 ordine
675 1104 914 1158 descriptas,
944 1105 1207 1160 simplicium,
1236 1116 1278 1146 et
1305 1107 1632 1160 compositorum

257 1169 551 1208 vocabulorum
576 1169 732 1209 fidelem
757 1170 1153 1223 interpretationem,
1186 1180 1308 1224 atque
1326 1171 1548 1210 dilucidam
1568 1170 1632 1210 in-

257 1242 463 1286 tegrarum
493 1236 633 1286 φςοίο-εων
665 1233 1001 1288 explicationem,
1026 1241 1089 1277 τοῖς
1120 1237 1301 1281 φιλέλληοι,
1330 1238 1386 1271 xx)
1413 1234 1627 1282 φιλομούσοις,

257 1298 420 1338 abunde
457 1298 706 1352 suppeditat.
754 1298 870 1338 Idem
902 1300 1027 1338 etiam
1058 1297 1252 1351 plurimas
1284 1310 1404 1335 voces
1443 1296 1628 1345 GraecaS,

255 1371 339 1402 tam
378 1363 583 1416 simplices
613 1377 736 1417 quam
766 1363 1015 1417 compositas
1049 1362 1248 1410 continet,
1279 1375 1326 1400 ac
1359 1360 1629 1414 probabiliter

252 1427 463 1481 explanat,
494 1442 593 1480 quas
627 1428 669 1466 in
701 1427 789 1466 aliis
821 1427 999 1477 Lexicis,
1030 1436 1071 1466 et
1099 1426 1331 1474 Thesauris,
1362 1425 1425 1463 vel
1457 1425 1627 1465 omnino

254 1493 562 1546 praetermissaS,
577 1493 640 1532 vel
656 1505 867 1546 perperam
888 1492 1129 1546 explicatas,
1150 1490 1274 1530 fuisse
1295 1498 1470 1529 constat.
1511 1490 1631 1534 Quo-

251 1558 364 1597 niam
400 1568 536 1596 autem
571 1557 730 1606 Suidas,
760 1557 846 1598 Jul.
887 1557 1051 1604 Pollux,
1084 1564 1126 1595 et
1156 1555 1240 1604 alii,
1274 1555 1344 1608 qui
1381 1555 1441 1594 vel
1477 1554 1629 1595 Graeca

253 1632 428 1671 tantum,
458 1623 520 1661 vel
548 1623 673 1662 etiam
705 1622 1018 1671 Graeco-latina,
1054 1621 1207 1660 Lexica
1230 1619 1482 1673 jampridem
1514 1634 1629 1660 com·

252 1696 493 1742 posuerunt,
532 1687 782 1727 Herodoteis
813 1686 1013 1740 exemplis
1042 1700 1133 1725 suas
1156 1685 1513 1738 interpretationes
1534 1699 1625 1738 pas-

252 1753 328 1792 sim
355 1752 624 1802 confirmant3
655 1752 724 1791 sed
746 1752 808 1791 vel
832 1752 871 1791 in
895 1752 985 1805 ipso
1012 1750 1209 1790 librorum
1237 1749 1402 1789 nomine
1435 1763 1626 1789 numero-

250 1831 330 1870 que
362 1831 433 1870 per
465 1816 786 1870 imprudentiam
819 1816 1043 1870 saepissime
1076 1815 1282 1862 labuntur,
1315 1814 1378 1852 vel
1410 1814 1451 1853 in
1483 1814 1627 1853 allato-

251 1895 342 1920 rum
371 1881 554 1920 locorum
587 1882 720 1920 verbis
754 1881 992 1934 gravissime
1035 1888 1222 1933 peccant,
1263 1879 1354 1917 ideo
1386 1879 1557 1933 paginas
1587 1885 1629 1918 et

250 1946 493 2000 paginarum
517 1946 644 1985 lineas
668 1946 707 1984 in
733 1946 811 1985 hoc
835 1959 924 1984 meo
951 1944 1210 1984 Dictionario
1231 1942 1387 1992 notavi,
1409 1952 1455 1982 ut
1487 1956 1623 1982 veram

250 2011 397 2050 horum
428 2011 646 2050 lectionem
666 2019 708 2049 et
724 2010 1021 2050 correctionem
1042 2023 1094 2048 ex
1117 2008 1244 2062 ipsius
1271 2007 1474 2047 Herodoti
1498 2007 1625 2046 fonti-

249 2077 326 2115 bus
347 2075 566 2114 confestim
596 2076 845 2115 hauriamus.
888 2075 1045 2128 Sequor
1066 2084 1203 2113 autem
1225 2073 1398 2113 Henrici
1423 2072 1623 2126 Stephani

249 2140 449 2189 codicem,
484 2152 525 2179 et
554 2141 777 2180 editionem
810 2140 851 2179 in
884 2139 955 2179 fol.
992 2139 1086 2178 anni
1128 2144 1242 2182 1570.
1281 2138 1391 2191 quod
1421 2137 1623 2186 omnium,

249 2219 342 2258 quae
365 2206 412 2244 ad
438 2205 546 2244 hunc
567 2220 695 2258 usque
723 2205 831 2244 diem
855 2205 892 2243 in
917 2204 1048 2244 lucem
1071 2204 1325 2257 prodierunt,
1356 2202 1409 2241 sit
1429 2203 1621 2242 emenda-

247 2270 417 2309 tissima.
462 2269 579 2309 Prior
610 2284 802 2309 numerus
834 2269 1042 2323 paginam,
1074 2268 1274 2322 posterior
1293 2267 1439 2306 lineam
1463 2266 1622 2320 signifi-

247 2344 328 2374 cat.
372 2335 585 2374 Librorum
610 2349 775 2383 nomen,
805 2344 846 2373 et
868 2347 1096 2382 numerum,
1120 2332 1332 2372 brevitatis
1354 2345 1497 2371 caussa
1517 2344 1619 2370 con-

247 2400 354 2438 sulto
377 2414 457 2439 non
481 2400 691 2453 adscripsi.
736 2400 927 2438 Lectores
959 2407 1094 2437 tamen
1125 2397 1223 2436 illud
1246 2397 1348 2436 scire
1370 2396 1462 2435 volo
1482 2395 1614 2448 (quod

246 2465 370 2504 etiam
393 2479 465 2503 suo
498 2465 588 2504 loco
618 2465 837 2518 diligenter
868 2479 891 2502 a
919 2477 984 2502 me
1018 2463 1202 2510 notatur)
1241 2461 1502 2500 Herodotum
1532 2473 1616 2498 non

245 2543 417 2582 semper,
447 2543 523 2569 nec
556 2529 596 2568 in
629 2529 834 2578 omnibus,
865 2544 912 2568 ac
933 2528 1077 2567 iisdem
1098 2526 1350 2575 nominibus,
1372 2525 1521 2573 verbis,
1542 2533 1616 2563 aut

242 2593 534 2644 locutionibus,
564 2594 708 2634 eodem
726 2600 858 2644 ἰωνισμςῖ
876 2601 1113 2634 constanter
1133 2592 1192 2631 uti
1214 2607 1221 2632 :
1254 2591 1322 2630 sed
1352 2589 1477 2630 modo
1500 2588 1612 2628 loni-
