1732 3045
742 141 797 182 vii

88 269 192 307 cam,
221 268 393 309 eamque
415 255 627 305 variatam,
656 257 782 296 modo
805 256 1006 305 Atticam,
1035 255 1159 295 modo
1188 268 1467 304 communem,

89 321 286 362 Doricam
306 321 430 360 etiam
454 321 659 376 Linguam
681 322 848 361 liberius
870 336 1089 375 usurpare3
1111 322 1169 360 ita
1187 331 1336 371 tamen,
1357 329 1401 360 ut
1422 321 1464 359 in

87 387 175 440 ejus
197 386 359 439 scriptis
383 385 527 426 Ionica
548 386 654 426 inter
674 387 772 426 alias
797 387 1010 427 Dialectos
1033 387 1166 440 palam
1189 387 1381 434 emineat,
1403 395 1464 425 at-

87 465 167 504 que
187 451 434 490 dominetur.
466 451 586 490 Unde
608 451 779 501 factum,
808 461 855 491 ut
888 451 1030 491 Ionice
1052 451 1213 491 locutus
1235 460 1464 489 censeatur.

89 516 158 555 Sic
192 515 316 554 etiam
352 515 568 566 Pindarus,
602 517 660 556 sic
696 526 737 556 et
769 516 1028 566 Theocritus,
1062 530 1224 556 carmen
1263 515 1464 555 Doricum

89 579 297 634 scripsisse
317 580 483 630 dicitur,
501 582 611 634 quod
635 582 674 620 in
693 583 904 635 utriusque
923 583 1104 621 carmine
1126 581 1342 621 Dorismus
1361 594 1466 633 prae-

89 645 210 699 cipue
238 645 485 684 dominetur.
531 646 646 686 Idem
675 657 736 686 est
765 647 816 686 de
845 646 1067 686 multorum
1101 647 1274 686 aliorum
1303 645 1467 699 scriptis

88 710 359 750 sentiendum.
397 710 455 750 At
474 711 681 751 Homerus
699 726 840 751 omnes
865 712 1076 752 Dialectos
1094 726 1298 766 persuum
1319 725 1467 765 poema

88 774 304 829 dispersas,
332 776 594 830 mixtumque
625 778 788 817 dicendi
819 792 947 831 genus
981 778 1135 827 llabet3
1167 778 1276 831 quod
1302 790 1467 816 carmen

87 840 176 893 ejus
213 840 347 880 reddit
382 843 732 895 magnificentius,
770 852 811 882 et
847 843 1143 891 admirabilius,
1181 852 1222 882 et
1260 842 1466 896 insignem

90 905 232 945 Poetae
248 905 494 957 doctrinam,
514 917 555 947 et
576 909 751 962 poeticae
774 922 889 947 venae
909 908 1166 957 felicitatem,
1188 907 1466 948 commendat.

91 969 330 1012 Herodotus
381 985 479 1011 vero
526 978 583 1012 τῶν
616 978 762 1024 iano-fir
811 974 915 1011 mira.
957 973 1168 1021 varietate,
1223 972 1468 1026 frequentia,

89 1036 304 1085 suaVitate,
334 1041 390 1075 καὶ
424 1039 465 1087 τῇ
489 1039 550 1073 τῦν
579 1035 683 1080 λέξεων
714 1039 769 1072 και)
801 1038 940 1087 <pedo-w»
967 1037 1205 1087 ποιηταωτὲξων
1235 1039 1469 1087 καινοπξεπείᾳ,

89 1100 154 1141 vel
194 1100 328 1154 ipsum
368 1098 672 1152 Hippocratem
707 1097 831 1151 longe
869 1098 1090 1152 superavit,
1129 1099 1247 1151 cujus
1281 1099 1469 1138 OEcono-

89 1166 216 1206 miam
249 1165 358 1219 typis
390 1162 690 1202 Wechellianis
731 1177 861 1216 nuper
900 1177 1097 1202 excusam
1142 1163 1355 1213 habemus,
1397 1164 1468 1204 ubi

89 1230 287 1285 quicquid
320 1229 361 1268 in
393 1227 666 1282 Hippocratis
698 1228 892 1281 operibus
933 1229 1152 1267 observatu
1194 1229 1368 1282 dignum
1409 1229 1471 1268 vi-

93 1296 228 1345 detur,
269 1294 359 1334 fuse
398 1292 640 1342 declaratur,
678 1301 724 1331 ut
764 1305 902 1332 actum
952 1308 1074 1347 agere
1121 1308 1203 1333 non
1254 1294 1307 1333 sit
1351 1309 1471 1349 opus·

95 1359 186 1400 Illic
211 1369 346 1399 tamen
380 1359 481 1412 ipsae
513 1365 569 1398 τοῦ
598 1364 728 1409 inrumpo&
758 1358 1043 1412 proprietates,
1074 1367 1115 1398 et
1141 1369 1363 1413 praccepta,
1388 1374 1471 1400 non

93 1433 372 1479 exponuntur,
405 1424 529 1463 verba
551 1437 626 1462 nec
647 1422 888 1463 Herodotea
910 1437 985 1463 nec
1006 1424 1231 1477 phrasesex
1242 1424 1466 1478 plicantur,

93 1501 139 1530 ut
171 1490 212 1530 in
244 1498 385 1529 nostro
422 1488 579 1528 Lexico
611 1488 760 1529 Lector
792 1489 1010 1528 manifeste
1037 1489 1193 1528 factum
1227 1490 1398 1540 videbit,
1431 1500 1472 1530 et

93 1555 181 1595 sine
211 1569 365 1609 magno
396 1553 550 1603 labore,
581 1567 735 1608 magno
768 1562 905 1593 tamen
933 1569 1026 1594 cum
1049 1554 1200 1604 fructu,
1231 1565 1471 1610 cognoscet.

95 1621 378 1666 Quamobrem
407 1619 532 1659 etiam
562 1619 604 1658 in
636 1619 791 1659 Ionicae
827 1619 1005 1660 Dialecti
1041 1621 1363 1674 proprietatibus
1404 1622 1475 1660 de-

99 1685 340 1735 scribendis,
361 1685 649 1724 auctoritatem
674 1685 878 1724 Herodoti
902 1686 1047 1725 ceteris
1069 1687 1300 1740 anteposui.
1334 1688 1473 1732 Quam

95 1761 235 1792 autem
271 1750 446 1790 feliciter
477 1751 519 1789 in
550 1750 614 1790 his
648 1751 891 1804 praestandis
924 1751 1002 1791 sim
1035 1760 1230 1801 versatus,
1271 1752 1358 1806 ipse
1390 1767 1474 1792 non

94 1817 244 1866 dicam,
262 1830 313 1855 ne
332 1816 517 1869 proprias
531 1829 685 1854 merces
705 1816 941 1869 importune
956 1816 1144 1856 laudibus
1163 1816 1306 1857 efferre
1322 1818 1476 1868 videar,

95 1882 210 1935 quasi
230 1881 358 1935 (quod
377 1895 459 1920 non
478 1881 599 1935 pauci
617 1880 736 1921 malae
756 1882 850 1921 fidei
870 1891 1116 1922 mercatores
1133 1882 1242 1936 apud
1261 1883 1475 1937 imperitos

97 1945 232 1986 facere
262 1948 582 1994 consueverunt)
613 1960 754 1986 earum
785 1947 1136 1987 extrudendarum
1166 1948 1368 1988 desiderio
1402 1949 1476 1988 fla-

98 2024 227 2065 grem.
279 2011 472 2051 Liberum
489 2011 697 2065 judicium
715 2012 886 2052 cuilibet
904 2013 1155 2066 relinquam:
1179 2014 1319 2067 peritis
1340 2023 1476 2053 tamen

96 2085 137 2115 et
169 2076 298 2129 aequis
330 2077 557 2116 alienorum
590 2077 778 2117 laborum
811 2078 1131 2118 aestimatoribus
1169 2079 1249 2118 hoc
1289 2088 1476 2118 nostrum

97 2155 201 2194 opus
224 2141 333 2181 haud
355 2141 563 2196 ingratum
585 2142 673 2182 fore
693 2143 872 2183 confido.
908 2143 1108 2183 Doricum
1130 2144 1254 2183 etiam
1277 2144 1477 2184 Lexicum

98 2219 123 2244 a
143 2219 207 2245 me
228 2206 315 2259 pari
337 2206 567 2260 diligentia,
597 2222 709 2257 cura,
730 2209 950 2262 studioque
971 2209 1267 2263 conscriptum,
1300 2210 1474 2263 Linguae

99 2270 261 2311 Graecae
295 2272 487 2311 studiosis
512 2272 603 2325 jam
635 2273 816 2313 exhibeo
849 2274 1082 2314 fruendum.
1128 2274 1284 2323 valete,
1323 2284 1477 2314 vestro-

99 2349 271 2388 rumque
301 2337 615 2377 commodorum
649 2338 881 2379 fautoribus
912 2340 1062 2380 favete.
1116 2339 1272 2379 Datum
1306 2339 1476 2379 Heidel-

100 2400 252 2454 bergae,
276 2401 364 2441 Cal.
388 2401 502 2456 Sept.
531 2403 644 2444 1602.
