1732 3045
521 127 583 159 ΣΦ

246 222 341 263 itum
375 223 462 272 ipsis
495 235 572 260 non
613 224 912 287 portendebant.)

247 276 377 323 (ἓιγινετο
393 272 492 320 &vopei
494 290 566 308 voco-c
585 275 628 309 τοὶ
646 274 777 319 σφοίγιαι
793 275 914 325 χξηςοέ.

244 328 293 362 h..
313 330 372 361 62.
400 326 457 360 τῶν
476 325 620 367 σφαγίων
639 323 659 358 ἐ
677 326 782 371 ynula}
785 341 847 360 νων.
868 326 914 362 ix.

245 380 305 412 61.
333 377 427 410 Cum
444 375 550 410 litare
573 386 648 410 non
666 381 823 422 possent.
842 389 873 411 v.
887 388 914 412 s.

241 428 341 461 Cum
368 426 524 460 victimae
559 435 635 460 non
667 426 915 462 succederent.

243 476 326 516 Vel,
345 477 440 511 Cum
460 476 689 511 victimarum
708 477 915 512 immolata-

243 537 330 562 rum
348 532 434 560 exta
450 526 578 560 laetum
595 527 736 562 exitum
754 538 829 561 non
842 527 916 574 sig-

243 577 451 613 nificarent.
470 576 551 616 Vel,
570 577 665 611 Cum
683 577 916 613 victimarum

243 632 331 662 exta
356 637 434 660 non
463 632 582 660 essent
609 628 748 672 pulcra,
767 632 804 661 et
823 628 917 662 nihil

242 677 354 713 fausti
368 676 641 723 portenderent.
660 676 836 712 Dicemus
850 689 915 712 au-

242 732 320 762 tem
341 727 462 774 χςηςῶν
489 726 796 766 subaudiendum,
817 734 860 762 ut
877 729 916 762 in

242 777 463 824 praecedent.
499 776 557 811 vel
589 777 710 816 καλῶν,
745 783 788 812 ut
829 778 916 813 alibi

242 828 389 874 passim.

218 874 475 923 νφαιγιαίζεσθκι.
496 887 631 911 comm.
661 875 812 936 Hostias
838 889 916 913 ma-

240 933 352 962 ctare.
387 924 604 972 ἐσφαγιάζετο
633 926 730 962 αὐτα
765 927 917 963 Hostias

241 978 312 1024 ipsi
340 977 523 1012 mactavit.
555 989 600 1011 vi.
636 980 697 1016 76.
731 992 845 1026 mugen
878 994 916 1016 τη

241 1025 398 1074 θαλάσσῃ
418 1025 690 1072 σφαγιασάμενος.
718 1028 814 1063 Cum
835 1034 917 1064 tau-

242 1089 327 1113 rum
349 1077 444 1112 mari
469 1082 673 1112 mactasset
701 1077 788 1113 ibid
818 1076 917 1121 ἐσφαι-

242 1125 407 1174 γιοίζοντο,
447 1125 484 1165 ὡς
521 1124 747 1172 συμβαλέοντες
782 1126 915 1176 Mag&-

244 1176 301 1224 η’ᾳ.
322 1178 372 1212 ix.
402 1180 461 1211 61.
491 1176 668 1212 victimas
694 1182 916 1214 mactarunt.

245 1227 485 1273 [sacrificium
522 1227 707 1273 fecerunt]
747 1232 790 1262 ut
831 1240 917 1265 cum

243 1277 442 1314 Mardonio
484 1279 727 1325 congressuri,
773 1278 915 1324 [confli-

243 1328 370 1373 cturi]
391 1328 439 1362 ix.
456 1330 516 1367 72.

217 1376 360 1424 σφάζειν.
375 1389 508 1412 comm.
524 1377 547 1412 J
551 1378 712 1424 ugulare.
726 1377 914 1425 σφάζονται.

243 1428 483 1475 Jugulantur.
511 1439 541 1462 v.
560 1431 592 1462 5.
621 1428 823 1474 σφαχθεῖσα.
850 1430 916 1465 Ju-

242 1479 381 1526 gulata.
401 1477 487 1512 ibid.
512 1477 654 1521 ο-φοέξοις.
674 1490 705 1511 ν.
725 1482 785 1514 25.
809 1494 915 1514 καιτοι-

241 1528 381 1571 ο-Φαίξοιι.
400 1529 446 1563 vi.
465 1531 526 1563 23.

218 1577 432 1624 σφακελίζειν,
452 1582 490 1612 et
509 1576 774 1624 σφακελίζεσ-θοιι.
801 1578 916 1626 Spha-

244 1629 324 1663 celo
340 1628 517 1663 laborare.
543 1627 662 1662 Exedi
679 1629 787 1669 carie,
806 1636 916 1677 atque

245 1679 343 1717 tabe,
351 1689 461 1713 carne
472 1678 689 1724 putrefacta,
697 1684 917 1728 mortuaque

245 1734 400 1775 propter
412 1729 635 1763 exstinctum
648 1729 688 1763 in
701 1740 745 1763 ea
757 1730 917 1766 calorem

248 1779 466 1814 naturalem.
485 1779 530 1814 iv.
548 1781 608 1813 28.
627 1779 673 1813 vi.
696 1783 777 1815 136.

222 1828 445 1871 σφάλλεσθαι.
473 1840 606 1864 comm.
633 1828 738 1864 Labi.
766 1829 917 1865 Cladem

247 1880 422 1926 accipere.
449 1876 478 1915 'viv
495 1878 561 1927 νὰς
588 1880 734 1926 σφαλλῇ.
762 1880 801 1915 Si
817 1880 917 1916 enim

247 1928 402 1965 labatur.
422 1929 459 1964 Si
476 1929 592 1964 cadat
611 1930 649 1963 Si
666 1919 808 1965 cladem
824 1931 918 1966 acci-

247 1980 336 2027 piat.
365 1980 424 2016 Ibi
453 1979 498 2015 de
527 1979 671 2016 Graecia
699 1981 834 2028 agitur
856 1981 917 2017 vii.

223 2078 292 2122 νφέ.
312 2080 392 2116 lon.
410 2083 448 2114 et
464 2082 561 2126 poet.
579 2090 648 2127 pro
664 2090 798 2116 comm.
814 2078 917 2116 αὐτόν.

249 2130 388 2176 Ipsum.
406 2131 456 2165 iii.
476 2133 534 2165 53.

224 2178 318 2221 σφέοι.
335 2181 416 2216 Ion.
440 2184 477 2215 et
505 2183 603 2227 poet.
623 2190 692 2226 pro
708 2178 805 2215 αὗταί.
823 2180 917 2226 Ipsa.

249 2230 290 2264 in
306 2242 341 2266 n.
359 2242 396 2278 g.
413 2231 506 2277 plur.
525 2231 548 2266 i.
567 2232 628 2270 46,
648 2233 709 2271 89,
732 2234 814 2272 111,
836 2234 916 2266 112.

250 2280 301 2315 iii.
323 2285 404 2316 111.
423 2281 467 2315 iv.
487 2284 548 2316 25.
567 2292 598 2316 v.
617 2283 678 2321 83,
696 2283 756 2315 85.

227 2329 336 2372 σ-φὲαις.
355 2331 435 2365 Ion.
461 2335 499 2365 et
522 2336 618 2377 poet.
642 2341 711 2377 pro
737 2330 838 2373 σφᾶς,
860 2330 918 2364 καὶ

251 2379 366 2418 ἔαυτὲς
383 2391 516 2415 comm.
533 2381 557 2415 i.
576 2385 610 2415 4.
639 2380 727 2415 κατὰ
745 2379 842 2423 σφέας
859 2380 918 2415 0⁶13-

251 2428 309 2468 τὲς
326 2425 404 2469 ἦσαν
420 2430 642 2478 vivedo-punem.
673 2431 776 2465 Inter
800 2442 838 2465 Se
864 2431 919 2477 ip-

251 2491 310 2515 sos
335 2480 438 2515 nullo
463 2481 685 2515 commercio
707 2481 918 2516 utebantur.

252 2530 276 2564 i.
296 2534 354 2565 65.
373 2531 420 2565 ix.
440 2533 497 2564 51.
517 2536 554 2564 et
571 2531 715 2576 passim.

227 2578 337 2622 σφέας,
357 2579 465 2618 ooth-82.
485 2580 506 2615 i.
526 2583 559 2614 5.
584 2580 696 2626 Ipsos.
714 2585 769 2614 est
785 2585 823 2615 et
837 2580 916 2615 Ion.

254 2635 292 2664 et
309 2635 405 2676 poet.
423 2631 446 2665 i.
465 2634 527 2669 70,
551 2633 613 2670 7¹1,
635 2634 697 2671 73,
725 2633 808 2671 126,
836 2633 917 2666 155.

253 2680 302 2714 ix.
322 2683 379 2715 58.
399 2687 436 2715 et
452 2679 596 2726 passim.

229 2731 326 2770 νφιῖς.
346 2730 424 2766 Ion.
442 2737 480 2765 et
502 2734 598 2779 poet.
618 2740 685 2777 pro
702 2740 835 2766 comm.
859 2729 917 2765 ‹26-

1296 130 1355 161 ΣΦ

991 224 1049 261 τοί.
1068 225 1152 272 Ipsi.
1168 224 1227 261 vii.
1250 228 1330 261 168.
1348 226 1421 262 viii.
1435 229 1472 267 ’7.

967 273 1074 318 σφέων.
1093 275 1172 311 Ion.
1190 280 1228 310 et
1245 281 1343 322 poet.
1361 288 1430 325 pro
1445 288 1578 313 comm.
1595 277 1652 313 0⁶¹2-

990 326 1060 360 τῶν.
1078 326 1258 373 Ipsorum.
1282 326 1305 362 i.
1329 330 1390 363 31.
1421 326 1517 370 σφέων
1545 327 1654 365 aba».

991 375 1038 411 Se
1056 377 1151 422 ipsis.
1170 376 1194 412 i.
1212 379 1274 416 73.

966 425 1035 468 σφί.
1054 426 1158 467 σφίσιν
1180 426 1300 467 αὐτοῖς,
1317 426 1436 467 αὑτοῖς,
1454 425 1584 466 ἑαυτοῖς.
1607 428 1654 464 Π-

990 476 1054 510 lud
1072 476 1152 512 Ion.
1170 481 1207 511 et
1224 481 1321 523 poet.
1349 476 1440 511 Haec
1456 489 1542 512 vero
1558 489 1655 514 com-

991 527 1129 561 munia.
1147 526 1170 562 i.
1189 529 1226 566 2,
1244 530 1280 562 3.

967 575 1038 617 σφί,
1056 576 1173 615 αὐτοῖς.
1191 576 1294 622 Ipsis.
1312 576 1391 610 Ion.
1410 580 1448 610 et
1464 581 1561 622 poet.
1578 577 1602 612 i.
1621 581 1655 620 1,

990 629 1028 666 2,
1046 629 1109 666 22,
1125 630 1187 667 23,
1205 629 1267 667 24,
1286 630 1348 664 29,
1365 630 1427 665 31,
1445 630 1506 662 36.
1524 634 1562 662 et
1578 639 1657 674 pas-

992 677 1061 711 sim
1078 677 1176 711 alibi.

967 726 1051 768 σφιν.
1071 727 1149 761 Ion.
1168 731 1205 762 et
1225 731 1323 773 poet.
1341 730 1516 788 sequente
1534 727 1658 764 vocali.

991 776 1093 824 Ipsis.
1105 788 1173 824 pro
1182 788 1316 813 comm.
1327 776 1445 815 αὐτοῖς.
1457 773 1656 826 σφὶνέχςησι.

993 827 1017 861 i.
1038 831 1097 866 67.

967 875 1083 919 σφισιν,
1101 876 1233 915 ἔκυτοῖς-
1255 878 1278 913 i.
1296 881 1333 918 4,
1354 879 1388 918 5,
1407 879 1468 917 27.

967 926 1181 985 σ-φυξῆλοιτος,
1216 927 1230 962 0‘
1260 928 1316 962 καὶ
1346 926 1373 963 ἦ.
1404 938 1538 962 comm.
1565 927 1579 960 ἆ
1605 924 1657 962 διὰ

991 975 1114 1025 σφυξοις
1133 975 1327 1022 ἐληλαμένας.
1353 976 1491 1012 Blalleo
1517 976 1657 1020 ductus,

991 1028 1125 1061 malleo
1166 1027 1376 1068 fabricatus,
1405 1027 1551 1062 solidus.
1591 1026 1658 1061 εἰκὼ

991 1075 1122 1124 χρυσέην
1156 1077 1358 1126 σφυςνῖλκτον
1391 1076 1567 1114 ἐποιήσατο.
1599 1078 1656 1114 vii.

992 1130 1052 1163 69.
1078 1126 1202 1161 Valla:
1232 1127 1355 1165 Quam
1381 1139 1466 1162 cum
1492 1128 1597 1162 talari
1614 1139 1658 1165 ex

992 1189 1083 1212 auro
1100 1177 1226 1212 tunica
1252 1177 1404 1212 effinxit.
1432 1177 1503 1212 Sed
1530 1189 1658 1224 pamm

991 1227 1185 1262 commode
1212 1228 1334 1262 locum
1361 1232 1416 1262 est
1440 1228 1657 1274 interpreta-

991 1284 1062 1313 tus.
1101 1278 1307 1324 Stephanus
1340 1278 1495 1318 fidelius,
1522 1279 1657 1325 Imagi-

992 1339 1078 1363 nem
1095 1326 1172 1373 ejus
1190 1340 1235 1362 ex
1252 1339 1343 1363 auro
1371 1328 1487 1363 solido
1512 1339 1657 1374 compa-

991 1383 1094 1413 ctum
1112 1378 1251 1414 habuit.
1279 1379 1364 1426 Ego
1386 1389 1473 1413 vero
1489 1379 1552 1420 sic,
1570 1378 1659 1413 Effl-

991 1428 1092 1475 giem
1110 1427 1188 1474 ejus
1205 1440 1354 1464 auream
1368 1429 1501 1464 malleo
1512 1429 1660 1464 ductam

991 1479 1088 1513 fecit.
1106 1479 1130 1512 i.
1148 1479 1208 1514 Ex
1221 1491 1312 1514 auro
1322 1479 1439 1514 solido
1449 1479 1657 1515 faciendum

992 1529 1142 1564 curavit.
1160 1529 1360 1577 σφυςῆλαιτον
1377 1541 1463 1564 vero
1481 1541 1579 1564 nune
1597 1540 1661 1575 op-

991 1580 1144 1624 ponitur
1163 1580 1206 1624 τᾷῖ
1222 1580 1376 1624 κωκυτῷ,
1395 1579 1493 1626 quod
1509 1579 1660 1614 metallo

991 1629 1189 1677 liquefacto
1216 1629 1370 1677 fusoque
1391 1629 1572 1665 conflatur
1604 1633 1658 1665 at-

993 1691 1063 1726 que
1078 1679 1272 1715 formatur.

968 1726 1087 1774 σχεδίῃ,
1122 1745 1167 1769 ης,
1264 1728 1345 1763 Ion.
1382 1733 1420 1763 et
1457 1733 1555 1776 poet
1591 1740 1657 1777 pro

992 1790 1127 1814 comm.
1141 1776 1267 1825 σχεδία.
1282 1778 1450 1820 SuidaS‚
1437 1794 1451 1816 n
1471 1779 1502 1813 'm
1518 1795 1578 1814 των
1592 1794 1658 1814 ποι-

993 1843 1204 1891 ξάτϋχΙθνΤων,
1218 1844 1232 1865 ἦ
1247 1842 1367 1868 emma&
1381 1843 1532 1876 revoluti
1523 1844 1564 1867 ινη
1576 1845 1656 1868 vav}-

993 1880 1049 1914 καὶ
1066 1878 1204 1928 γέφυξοι,
1221 1894 1277 1913 nuc
1302 1877 1440 1925 {sumum
1468 1879 1572 1914 Ratis
1598 1884 1656 1914 tu-

992 1930 1203 1965 multuaria.
1245 1929 1524 1964 Tumultuarius
1554 1941 1656 1976 pons..

994 1980 1092 2015 Pons
1107 1991 1152 2015 ex
1164 1979 1303 2014 ratibus
1316 1978 1534 2025 conjunctis,
1550 1991 1658 2026 opere

993 2030 1249 2070 tumultuario,
1268 2030 1394 2065 factus.
1413 2031 1541 2088 Δοιςεῖος
1558 2029 1657 2069 ›ao-3220

992 2095 1030 2118 ‘fn
1066 2077 1190 2128 θκίὃζῆ,
1229 2095 1278 2115 Τὸν
1315 2093 1526 2138 dcxlb‘l'in'royx
1564 2094 1658 2118 σίντης

993 2127 1205 2193 Μεινὸςοκὶὲκ
1241 2145 1291 2163 τον
1330 2128 1451 2175 Σάμιον
1491 2128 1658 2179 ἔδειμα-ατο

993 2181 1088 2214 παισὶ
1122 2177 1207 2215 σἐκοι.
1234 2179 1359 2215 Valla:
1388 2179 1523 2215 Darius
1548 2185 1659 2237 ponte

993 2230 1146 2265 sublicio
1157 2230 1368 2271 delectatus,
1383 2235 1511 2265 auct01
1512 2241 1571 2264 em
1583 2227 1658 2275 ejus

993 2279 1249 2316 Mandroclem
1296 2281 1461 2316 Samium
1511 2280 1659 2315 donavit

994 2330 1160 2376 decuplo.
1195 2332 1240 2366 iv.
1275 2334 1334 2365 88.
1370 2331 1576 2377 Stephanus
1611 2329 1657 2365 ad

993 2382 1202 2428 marginem
1231 2386 1350 2421 notat,
1377 2381 1548 2415 Graecum
1581 2384 1657 2415 tex-

993 2436 1075 2465 tum
1094 2431 1152 2465 hic
1169 2431 1388 2466 mendosum
1410 2442 1497 2465 esse.
1549 2428 1657 2468 Quod

993 2493 1132 2516 verum.
1176 2481 1247 2516 Sed
1279 2486 1403 2515 tamen
1434 2493 1480 2515 ex
1511 2481 1658 2527 vulgata

993 2531 1151 2566 lectione
1187 2531 1502 2566 commodissimus
1533 2540 1656 2565 sensus

993 2581 1077 2616 elici
1102 2584 1232 2627 potest.
1260 2581 1318 2615 Sic
1347 2581 1447 2616 enim
1475 2581 1574 2615 locus
1603 2583 1656 2614 est

993 2631 1188 2666 vertendus
1199 2645 1206 2665 ε
1221 2631 1355 2665 Darius
1362 2630 1561 2665 delectatus
1566 2640 1656 2676 pon-

993 2686 1031 2715 te
1047 2693 1092 2715 ex
1114 2681 1253 2716 ratibus
1279 2692 1390 2727 opere
1417 2679 1658 2715 tumultuario

991 2729 1076 2776 conj
1081 2731 1199 2767 unctis
1208 2731 1318 2773 facto,
1330 2730 1584 2770 Mandroclem
1594 2729 1655 2765 Sa-
