1732 3045
341 122 407 152 ΛΠ

54 216 300 264 pulcherrima
328 216 510 251 videntur.
541 216 593 250 iii.
631 219 712 252 116.

55 265 246 315 ἀπεςγμένκς
265 265 289 300 ἓν
307 267 350 312 τῷ
366 265 430 314 ἰξῷ.
457 266 502 301 In
518 267 599 301 lOCO
612 278 714 302 sacro

55 317 252 352 conclusos.
271 317 316 351 vi.
335 320 394 356 7’.9

31 364 230 415 ἀπεργμένος
242 366 321 401 Ion.
335 370 372 401 et
384 370 481 412 poet.
499 366 555 401 ab.
575 363 715 425 ἀπὲςγω.

58 417 138 451 vide
155 411 343 463 simplex'
335 412 440 464 ε’ςγειν
475 417 619 464 ἀπεξγμε
609 430 664 450 νον
692 414 717 450 ἐν

57 464 235 514 ἁκζοπόλει.
262 466 306 500 111
333 477 415 500 alce
441 467 667 500 conclusum.
694 467 717 502 i

61 518 141 551 154.
171 516 206 550 ii.
236 520 294 552 99.
331 528 362 551 v,
397 519 456 551 64.
484 517 533 551 iii.
566 519 646 551 116.
673 517 718 551 vi.

58 570 118 606 79.
150 565 220 599 Sed
246 566 397 601 fortasse
418 564 498 611 jam
524 567 558 600 τὸ
576 564 719 613 &aviensem

60 615 182 650 Ionice
196 617 355 661 positum
366 627 432 662 pro
446 628 538 651 com.
552 617 719 664 ἀφείςγειν,

63 665 176 712 (quod
196 671 320 700 tamen
340 667 378 700 in
395 667 551 713 vulgatis
577 665 721 701 Lexicis

62 727 137 750 non
150 716 319 773 repeiias,
324 716 337 760 )
355 716 400 751 ab
417 717 495 751 aliis
512 721 722 763 separatum

61 765 303 800 concludere'
294 777 334 800 111
355 767 478 827 aliquo
504 767 596 802 loeo.
622 766 722 802 Nam

62 813 90 864 ’ἐς
93 830 139 858 osas
153 827 271 857 arceo,
286 817 434 862 repello.
460 814 553 866 ἕξγω,
568 821 605 851 et
619 814 658 864 εἵς
662 830 720 858 γω,

62 877 224 907 coerceo,
268 866 457 901 concludo.
502 867 725 914 Quanquam

64 917 132 951 hoe
166 915 361 951 discrimen
389 928 486 964 saepe
511 917 724 964 negligitur.

64 967 120 1001 vel
145 965 288 1014 one'gyetu
315 978 383 1013 pro
409 967 594 1010 συγκλείειν.
633 966 726 1001 Vide

64 1027 130 1051 suo
145 1017 236 1051 loco.

0 1107 1 1110 Ἴ
42 1064 130 1105 ἄπες.
157 1067 237 1102 1011.
265 1078 333 1113 pro
350 1078 483 1102 comm.
522 1065 611 1109 ἄφες,
630 1066 727 1114 quod

67 1122 185 1153 exstat
221 1129 254 1152 V.
288 1120 369 1153 106.
402 1117 495 1152 Vide
524 1116 660 1158 ἀπιέναι,
695 1129 727 1152 ν.

68 1171 128 1204 39.

44 1216 219 1254 awa-mm.
245 1217 325 1254 Ion.
360 1217 419 1252 vel
452 1228 519 1264 pro
555 1216 730 1258 ozris-nom,

70 1273 111 1303 ut
128 1268 175 1302 sit
191 1278 266 1302 aor.
284 1271 319 1303 2.
337 1272 406 1303 act.
429 1268 487 1302 vel
512 1278 580 1314 pro
605 1265 731 1302 «ἐπες-α’-

71 1331 187 1356 neco-ow,
207 1318 348 1366 hocque
364 1329 432 1365 pro
449 1316 672 1361 ἀφεςοέκειο-οιν,
690 1321 733 1352 111

71 1369 117 1403 511
134 1371 168 1403 3.
187 1368 281 1414 plur.
299 1368 414 1416 plusq.
432 1380 468 1414 p.
483 1372 551 1403 act.
570 1379 636 1414 per
652 1378 734 1414 syn-

72 1429 201 1465 copem
216 1418 373 1453 formata
386 1418 431 1453 ab
445 1417 594 1464 οἱφιέτημι.
622 1416 735 1453 Defe-

72 1472 213 1503 cerunt.
232 1469 303 1504 viii.
326 1471 407 1503 1⁶26.

50 1517 287 1567 ἁπεςςοιμμένος
305 1517 411 1561 λόγος.
443 1518 574 1554 Oratio
600 1529 737 1554 aversa.

76 1568 134 1603 Sic
150 1568 294 1604 videtur
312 1568 492 1604 Herodot.
518 1579 647 1604 vocare
671 1570 737 1604 ho-

75 1620 184 1654 minis
217 1619 313 1660 irati,
346 1624 384 1653 et
413 1620 580 1654 animum
614 1631 636 1654 a
671 1630 738 1654 no-

77 1668 131 1704 bis
157 1680 323 1704 aversum
359 1669 539 1710 habentis,
569 1669 690 1704 verba.
725 1669 739 1704 o‘

79 1717 189 1758 Γέλων,
210 1716 308 1756 ἐπειδὴ
326 1718 392 1767 (ἕξοι
409 1717 668 1767 ἀπεςξοιμμὲνους
682 1718 740 1758 τὲς

80 1769 193 1812 λόγους
211 1772 267 1803 τοῦ
281 1768 444 1817 Evoe'eygov.
460 1771 519 1805 vii.
539 1773 620 1805 160.
648 1770 742 1805 Gelo

82 1830 169 1854 cum
185 1831 310 1854 aversa
327 1820 454 1867 Syagri
467 1819 576 1855 verba
592 1820 744 1856 videret.

79 1869 172 1904 Vide
190 1867 408 1918 ἓπεςςαιμμὲνοι
426 1868 536 1913 λέγειν,
551 1870 624 1905 viii.
642 1873 700 1906 62.

57 1918 176 1958 ἆπεςὼ,
196 1918 256 1961 όος,
274 1923 335 1958 οὖς,
355 1919 381 1956 ἦ.
411 1919 459 1955 Ν.
477 1920 527 1955 H.
557 1919 572 1957 ἦ
590 1919 743 1959 ἀπουσία,

82 1970 258 2005 absentia.
276 1985 313 2009 τη
331 1971 448 2006 ἐπες-οῖ
460 1971 512 2009 τ’ἦς
528 1968 651 2016 μοι’χης.
670 1971 746 2006 Ab·

84 2021 201 2055 sentia
217 2031 239 2054 a
260 2031 398 2067 pugna,
425 2020 449 2055 i
469 2021 565 2067 quod
582 2032 605 2056 a
621 2033 748 2069 pugna

84 2070 298 2105 abfuissent.
317 2070 416 2106 Suid.
435 2071 553 2107 vivres-ai.
571 2068 747 2116 ἀποδημιοι.

61 2117 217 2163 ἀπεφθος,
245 2136 259 2154 o
277 2121 333 2155 καὶ
361 2119 589 2167 23.Ion.p1o
614 2132 748 2156 comm.

85 2170 281 2210 Exeoctus,
299 2170 393 2205 bene
411 2175 600 2218 purgatus,
624 2183 749 2218 purus.

86 2221 204 2268 χρυσὸς
246 2219 404 2263 &wem-9⁰3.
455 2222 601 2256 Aurum
643 2233 750 2256 exco-

87 2275 203 2311 ctum,
233 2270 327 2305 bene
357 2276 570 2318 purgatum,
604 2283 752 2318 purum.

87 2321 112 2356 i.
150 2324 209 2356 50.
255 2321 502 2368 Componitur
544 2326 669 2357 autem
707 2334 754 2356 ex

88 2371 153 2404 ἀπὸ
181 2382 335 2418 praepos.
372 2376 409 2406 et
441 2372 591 2407 nomine
618 2372 755 2407 verbali

90 2420 193 2462 ἑφθὸς,
219 2421 318 2468 quod
334 2422 422 2456 κριτοὶ
441 2422 601 2465 συγκοπὴ
619 2422 755 2458 forma-

90 2475 172 2505 tum
189 2468 221 2504 ἔκ
238 2471 279 2505 v?
294 2469 417 2514 ἑψητὸς,
432 2473 530 2507 unde
544 2471 633 2511 ἑπτὸς
651 2476 754 2519 (113111

93 2518 125 2563 ψ
151 2521 245 2555 valet
273 2526 453 2568 potestate
480 2523 546 2566 πσ)
575 2524 757 2570 versisque

94 2571 265 2605 tenuibus
305 2586 357 2604 πτ
395 2572 436 2606 111
477 2573 651 2618 aspiratas
696 2573 756 2615 φθ,

96 2619 219 2655 addita
234 2632 387 2667 praepos.
406 2623 481 2660 ἀπὸ,
502 2621 658 2665 ἄπεφθος,
678 2623 758 2658 Ion.

97 2679 181 2704 cum
216 2672 352 2719 alioqui
389 2677 541 2718 propter
569 2684 724 2720 sequens
749 2673 761 2707 ἑ

98 2720 298 2765 aspiratum
330 2721 528 2758 dicendum
556 2728 649 2758 esset
682 2722 760 2766 ἄφε-

1088 122 1155 151 Art

790 213 886 258 φθοςε
906 214 970 249 sed
983 213 1128 258 εὖφωνίκς
1141 216 1248 266 χοέξιν,
1261 229 1308 253 ne
1319 219 1453 265 triplex

789 265 948 310 aspirata
979 274 1226 309 concurreret,
1269 284 1300 302 π
1332 280 1452 304 serva-

789 319 883 355 tum,
900 314 998 362 quod
1015 320 1052 350 et
1069 316 1108 351 in
1122 320 1311 354 communi
1327 319 1457 366 lingua

790 364 914 399 locum
931 365 1103 407 obtinuit,
1122 372 1165 401 ut
1192 373 1228 402 et
1248 369 1286 403 in
1304 371 1456 404 nomine

792 412 986 455 Λεύκιππος,
1014 421 1051 450 et
1080 416 1271 458 ἀπνλιώτης,
1303 420 1457 467 aliisque

793 465 979 499 nonnullis
996 465 1135 501 factum
1161 468 1335 503 videmus.
1381 469 1459 513 §.lm-

793 529 844 553 τος
871 525 957 549 velo
983 516 1074 564 ποιξὲι
1105 531 1138 551 το
1167 515 1222 560 {xla}
1214 533 1259 559 ω,
1287 533 1320 551 ω.
1353 519 1458 563 {flio-o)

795 564 1007 600 deductum.
1043 566 1089 601 de
1117 578 1190 614 quo
1218 579 1285 602 suo
1315 569 1407 604 loeo.
1434 570 1459 605 i.

798 618 856 649 50.
875 615 911 649 ii.
930 619 990 650 44.

771 664 911 710 ἀπέχειν.
928 676 1062 701 comm.
1080 665 1286 703 Abstinere.
1305 668 1460 703 Efficere

797 720 838 749 ut
856 714 986 762 aliquis
1007 728 1029 751 3
1054 727 1094 750 re
1121 717 1243 765 aliqua
1268 718 1461 755 abstineat.

798 766 947 805 Arceie,
991 777 1172 807 amovere,
1219 779 1462 804 summover.e

799 814 1005 851 Removere
1023 816 1069 851 ab
1082 817 1205 864 aliquo
1218 818 1313 870 loco
1332 816 1463 857 Ev'Co†n;

798 863 928 911 ἀπέχειν
962 865 1202 912 πολυμηκάδας
1237 865 1348 911 οεῖγκς.
1389 870 1464 904 viii.

800 918 860 950 ΩΟ.
888 914 1014 951 Valla:
1045 916 1188 952 Euboea
1205 929 1324 964 caprae
1342 920 1466 966 mugi-

801 970 904 999 entes
933 966 989 1000 fac
1015 968 1144 1012 procul
1169 968 1300 1004 absint.
1339 969 1400 1004 AE.
1425 969 1467 1005 P.

802 1016 860 1050 Ab
882 1015 1025 1051 Euboea
1041 1028 1168 1064 capras
1185 1018 1287 1053 valde
1305 1019 1469 1055 balantes

803 1077 944 1105 amove,
963 1067 1020 1101 vel
1046 1079 1206 1125 remove,
1224 1069 1280 1103 vel
1297 1081 1393 1111 arce,
1412 1070 1470 1105 vel

804 1116 956 1151 abstine
999 1117 1057 1152 Sic
1083 1118 1182 1153 enim
1209 1124 1247 1153 et
1273 1120 1388 1156 Cicer.
1422 1120 1470 1155 de

806 1167 910 1202 Or.at
928 1167 1010 1203 111)
1001 1180 1024 1202 1.
1036 1179 1066 1202 c.
1079 1172 1138 1203 43.
1153 1169 1199 1203 ad
1213 1170 1275 1205 fin.
1290 1170 1468 1217 loquitur,

806 1216 864 1251 Ab
881 1217 1007 1252 alienis
1021 1223 1175 1260 mentes,
1188 1221 1324 1261 oculos,
1339 1232 1472 1257 manus

807 1267 1002 1302 abstinere.
1032 1269 1168 1314 Capras
1194 1275 1319 1305 autem
1346 1271 1473 1306 balan-

808 1322 862 1352 tes
881 1318 1016 1365 potius,
1036 1330 1145 1365 quam
1163 1321 1370 1367 mugientes
1384 1321 1474 1364 dixi,

810 1369 894 1414 quia
910 1369 1075 1415 mugitus
1093 1373 1130 1403 et
1154 1372 1300 1417 mugire
1326 1373 1479 1418 propiie

810 1418 855 1452 de
874 1417 989 1453 bobus
1004 1424 1088 1454 13111
1089 1431 1211 1466 isque
1235 1421 1356 1456 balare
1373 1433 1473 1464 vero,

811 1468 857 1502 de
883 1468 1009 1503 ovibus
1036 1474 1074 1504 et
1101 1471 1229 1516 capiis.
1273 1472 1344 1506 Sed
1379 1473 1477 1519 apud

813 1519 960 1554 Graecos
989 1519 1086 1554 inter
1118 1521 1265 1556 ovillam
1296 1527 1335 1556 et
1359 1524 1478 1569 capri·

813 1580 901 1604 nam
917 1580 1044 1604 vocem
1062 1574 1116 1606 est
1138 1570 1335 1607 discrimen
1361 1574 1479 1608 mani-

814 1620 962 1660 festum,
990 1620 1089 1667 quod
1114 1633 1136 1656 a
1153 1621 1294 1657 Latinis
1312 1634 1388 1657 non
1405 1629 1480 1659 sta-

816 1671 944 1704 tuitur.
978 1669 1113 1706 Ovium
1139 1672 1237 1707 enim
1265 1685 1336 1708 vox
1354 1674 1478 1720 βληχῦ,

817 1720 1040 1768 verbumque
1056 1723 1255 1767 βληχόἰσ-θοιι
1281 1724 1427 1765 dicitur,
1455 1725 1480 1760 i.

817 1770 975 1812 balatus,
1017 1777 1054 1806 et
1099 1771 1233 1809 balare.
1275 1774 1480 1820 Caprarum

818 1832 904 1855 vero
920 1832 990 1856 vox
1015 1827 1167 1857 vocatur
1189 1823 1284 1869 μηκὺ,
1314 1825 1481 1866 verbum,

817 1871 936 1918 μηκιξῖν,
956 1872 1054 1918 quod
1071 1872 1118 1906 ob
1131 1874 1390 1909 commodioris
1404 1886 1484 1910 ver-

821 1921 858 1955 bi
883 1922 1048 1968 inopiam
1074 1924 1245 1969 cogimur
1262 1929 1403 1959 vertere
1420 1925 1485 1960 ba-

819 1972 950 2013 latum,
977 1976 1014 2006 et
1032 1972 1164 2009 balare.
1192 1973 1271 2010 Nec
1287 1975 1486 2011 immerita

822 2021 927 2056 Inter
952 2022 1052 2057 enim
1079 2024 1202 2058 ovium
1227 2030 1264 2059 et
1290 2037 1486 2071 caprarum

822 2083 950 2107 vocem
967 2073 1123 2108 affinitas
1150 2075 1343 2110 intercedit
1370 2077 1486 2110 maxi-

823 2133 897 2163 ma,
935 2127 973 2157 et
999 2124 1069 2158 nisi
1095 2135 1200 2159 aures
1226 2126 1488 2161 attentissimas

823 2173 989 2220 utrisque
1020 2185 1147 2209 vocem
1178 2174 1370 2211 edentibus
1396 2188 1490 2234 prze-

825 2222 923 2264 beas,
951 2224 1107 2265 nullum,
1135 2232 1199 2259 aut
1222 2231 1321 2260 certe
1348 2227 1491 2272 perexi-

827 2284 946 2320 guum
972 2275 1070 2309 intel
1088 2275 1152 2309 has
1170 2287 1274 2310 voces
1292 2276 1491 2312 discrimen

829 2324 1013 2365 exaudias,
1044 2325 1142 2372 quod
1170 2326 1218 2360 511
1246 2328 1492 2373 perspicuum.

829 2375 893 2407 ἀπο
910 2388 966 2408 του
980 2389 1086 2422 μηκοεν
1102 2387 1190 2410 vero
1206 2388 1325 2422 caprae
1339 2375 1463 2423 μηκαδε
1453 2394 1492 2420 ς,

831 2429 868 2458 et
881 2412 1089 2470 πολυμηκάδε
1080 2441 1104 2463 ς
1118 2429 1189 2468 οιὶγε
1193 2443 1217 2465 ς,
1234 2426 1412 2466 ἓπιθετικῶς
1430 2440 1494 2474 ap-

831 2474 1025 2521 pellantur
1055 2477 1240 2510 Μυκὸἱσθαι
1259 2489 1358 2518 vero,
1378 2483 1415 2512 et
1430 2493 1496 2524 μυ-

834 2524 967 2569 κηθμος,
1006 2525 1030 2560 1.
1062 2526 1239 2572 mugitus,
1272 2533 1310 2562 et
1339 2529 1496 2575 mugire,

834 2575 982 2620 proprie
1005 2575 1049 2609 de
1080 2575 1194 2611 bobus
1212 2578 1357 2618 dicitur,
1380 2590 1499 2624 neque

836 2625 953 2670 capris
971 2625 1016 2659 ab
1034 2625 1105 2660 alio
1118 2627 1300 2662 tributum
1314 2628 1498 2664 recordor

838 2689 888 2708 lvx
913 2688 1012 2713 oev5'85
1039 2690 1097 2710 ’Των
1124 2691 1291 2723 θυμμοιχίξ
1282 2692 1330 2711 κων
1356 2692 1501 2726 απῦσχη

839 2724 912 2759 viii
930 2728 990 2760 2⁶2.
1016 2725 1144 2761 Valla:
1174 2727 1227 2763 Ut
1249 2739 1270 2762 3
1287 2728 1420 2774 piaeliis
1439 2739 1503 2764 na-

860 2779 923 2808 134
