1732 3045
525 122 583 151 EA

234 215 459 278 Ἀξιςαγᾶξεα,
474 228 541 264 pro
557 214 774 266 Ἀξιςαγδξην
790 221 898 257 1,,32,

236 274 297 305 33.
325 265 524 308 Μιλτιάδεα,
550 278 619 313 pro
645 265 835 304 Μιλτιαδην.
852 269 898 303 vi.

236 324 298 359 37.
325 316 544 365 Στησαγόξεα,
562 328 628 364 pro
641 332 682 354 ην.
696 318 740 352 vi.
758 322 820 358 38,
838 321 899 354 39.

238 364 465 425 Εὖξυοιαδεα,
491 378 559 414 Plo
590 364 793 430 Εὗξυςιοίδκν
828 369 897 402 viii.

239 423 299 476 573
319 421 378 452 58.
403 415 595 466 κυϋεςνητεα,
624 428 691 464 pro
713 414 901 466 κυοεξνῆτην.

237 469 311 504 vui.
332 470 414 503 118.

212 515 305 559 ἰἀδα,
335 532 387 558 ας,
417 531 439 552 ε.
480 517 559 552 Ion.
593 522 631 552 et
659 521 756 562 poet.
796 522 899 562 praet.

239 568 336 604 med.
349 568 487 607 Flami,
500 568 677 613 placuisti,
690 568 842 613 placuit3
857 567 903 601 ab

240 615 321 653 ἅὸω.
348 617 444 652 med.
471 615 545 657 ὴῖα,
571 618 627 651 καὶ
655 614 796 650 ὃιαλυσει
814 613 902 652 εαδα.

239 669 264 703 i.
302 672 383 703 151.
427 664 496 701 ἕαδε
529 664 682 701 δέκεσθαι.
725 666 903 713 Recipere

240 718 389 765 placuit.
422 717 468 752 iv,
506 720 590 758 145,
628 720 710 758 153,
739 720 824 752 201.
858 717 902 752 vi.

244 771 326 803 106.

215 816 273 854 eus.
297 821 332 853 2.
350 828 443 864 pers,
467 827 571 863 praeS.
597 816 672 851 ind.
699 817 800 851 modi
825 828 902 852 ver-

241 868 375 902 borum
397 872 573 901 contract.
603 870 634 901 l
661 865 812 914 conjug.
841 878 906 913 pro

242 930 375 953 comm.
394 932 422 955 η.
448 913 570 957 φοέέαι,
592 917 712 957 times,
731 928 799 963 pro
816 914 906 964 φοίη.

242 969 267 1003 i.
291 971 351 1005 39.
389 967 447 1001 Fit
472 972 595 1001 autem
621 966 667 1001 ab
693 964 735 1014 εἠ,
761 978 865 1001 verso
891 981 907 1015 ῃ

243 1019 285 1052 in
313 1032 358 1052 αι.
396 1013 501 1063 φοοὲη,
528 1014 653 1059 φοοὲαις
682 1018 738 1051 vel
755 1029 777 1052 a
798 1017 908 1052 tertia

245 1065 401 1110 φοὲεἶται,
419 1066 568 1100 sublatis
585 1081 594 1099 ι
611 1072 649 1100 et
665 1081 696 1101 τ.

219 1131 277 1152 εαι.
305 1118 384 1152 lon.
402 1116 615 1150 terminatio
639 1116 807 1151 secundae
825 1128 909 1162 per-

244 1179 344 1202 sonae
371 1167 572 1213 praesenfis,
597 1167 793 1202 verborum
809 1178 909 1201 com·

245 1218 410 1253 muniter
426 1217 464 1250 in
481 1231 558 1250 ασαι
576 1216 822 1251 desinentium
831 1232 840 1260 3
870 1222 913 1252 ut

248 1267 400 1310 ἰξεπιὲεαι
426 1267 505 1300 lon.
533 1267 612 1301 scis.
640 1267 685 1301 ab
714 1265 911 1309 ἑξεπίςασαι,

246 1317 390 1353 sublato
420 1331 451 1356 c,
482 1321 518 1350 et
549 1327 652 1352 verso
678 1331 701 1350 α
729 1318 768 1351 111
798 1330 820 1350 ε.
852 1317 910 1352 vij.

250 1371 333 1402 104.

221 1431 281 1453 εαι.
317 1417 444 1452 Ionica
470 1416 684 1451 terminatio
710 1417 751 1450 in
781 1416 910 1457 verbis,

248 1468 288 1503 in
304 1467 463 1502 secunda
479 1477 635 1513 persona
659 1466 832 1513 singular.
866 1478 911 1500 ex

249 1531 316 1551 εται
333 1518 454 1557 tertia,
483 1528 563 1563 quae
591 1517 838 1550 communiter
860 1517 911 1550 sic

247 1567 411 1607 effertur,
437 1572 474 1600 et
501 1580 522 1599 τ
546 1566 592 1601 de
616 1566 737 1600 medio
760 1566 911 1601 tollitur.

248 1617 380 1653 θεήσεαι.
426 1617 572 1651 Cernes.
615 1616 773 1651 Videbis.
815 1617 912 1650 Con-

251 1667 502 1713 templaberis3
536 1677 558 1700 a
583 1665 740 1707 samm,
771 1666 869 1714 quod
891 1678 914 1701 a

250 1717 402 1751 θεάσεται
427 1727 560 1751 comm.
590 1728 613 1750 a
637 1714 786 1761 θαέομαι,
815 1730 912 1761 ωμαι.

251 1765 819 1812 θεάσομαι,1011..9εησομαι.1.8.
851 1764 914 1806 βέ-

252 1825 336 1857 λεαι,
369 1828 438 1863 pro
469 1814 573 1857 fiam..
608 1816 670 1851 vis.
705 1817 728 1851 i.
765 1820 823 1856 11,
855 1820 914 1852 90.

251 1866 387 1908 φαινεαι,
405 1877 473 1912 plo
490 1865 623 1914 &mv-1⁰
611 1869 710 1907 127,
729 1869 788 1901 32.
830 1864 915 1900 α’πο-

253 1915 466 1964 lapan-guum,
481 1926 548 1962 pro
561 1914 809 1964 ἀπολαμπξυνη.
820 1916 843 1950 1.
854 1920 914 1951 41.

251 1962 455 2000 ὃιακελευεαι.
488 1967 510 2000 1.
541 1969 600 2001 42.
643 1964 915 2014 παςασκευαίζεαι.

251 2016 276 2050 i.
294 2019 353 2056 71.
386 2014 915 2075 ἅπαιξῆπαι.11)1(1.απεχθιι’σεαι.

251 2066 276 2101 i.
308 2071 366 2102 90.
409 2065 539 2108 τευξεαι.
569 2065 592 2101 1.
627 2069 686 2102 89.
722 2064 870 2100 dames-eus.
890 2066 913 2099 i.

256 2119 338 2151 112.
369 2113 511 2157 βούλεαι.
542 2116 564 2150 1.
586 2118 666 2151 124.
691 2112 783 2150 ἐ’σεαι.
816 2116 853 2150 ii.
882 2119 915 2150 5.

251 2165 391 2208 ἀπίξεαι.
417 2166 455 2200 11.
480 2168 541 2201 29.
571 2163 734 2201 πλεύσεαι,
761 2170 799 2199 et
822 2163 915 2208 ἵξεαι.

252 2215 340 2250 ibid.
365 2213 507 2256 βοῦλεαι.
525 2214 575 2250 iii.
597 2219 679 2252 119.
697 2214 916 2263 πξοσκτῆσεαι.

254 2277 286 2300 v.
304 2268 365 2300 31.
392 2263 562 2301 ἐπιθήσεαι.
589 2265 675 2301 ibid.
703 2279 811 2307 γινεαι,
830 2264 916 2300 ibid.

253 2313 372 2363 μετέξχ
375 2328 431 2349 εαι,
466 2315 511 2349 xi.
547 2318 605 2351 69.
646 2314 822 2356 βουλευεαι.
858 2315 915 2349 vij.

260 2368 317 2399 1⁶2..
359 2361 449 2405 δέεαι,
477 2375 544 2410 pro
573 2362 632 2403 δέη.
656 2377 678 2400 a
707 2362 825 2410 δέομαι.
858 2365 917 2399 xii.

258 2418 342 2449 161.

232 2462 364 2499 ἑάνδανε.
391 2463 470 2498 Ion.
499 2468 536 2498 et
563 2468 659 2510 poet.
689 2476 758 2510 pro
787 2475 920 2500 comm.

257 2511 375 2554 ἥνδανε,
390 2513 566 2548 dissoluto
583 2530 598 2551 η
614 2515 652 2548 in
662 2527 707 2550 εα.
738 2514 919 2549 Placebat.

259 2564 306 2598 ab
334 2561 462 2598 ανδοὲνω.
489 2565 536 2598 ix.
565 2568 597 2598 5.
635 2565 715 2597 τοῖσι
741 2565 785 2597 τα
808 2561 920 2608 alfheim

257 2610 389 2649 ἑάνδανε.
417 2613 466 2648 ix.
498 2617 554 2650 19.
594 2614 736 2651 Quibus
769 2615 920 2648 meliora

234 2664 464 2720 placebant.

234 2709 299 2761 ῗας.
317 2711 348 2748 ἐκ
366 2728 421 2749 τον
438 2712 576 2749 ἐνιαυτου
591 2728 626 2748 το
643 2710 695 2762 ’ἔας
712 2711 920 2762 ἔξαςαίςηται.

1262 123 1322 154 ΕΑ

973 218 1073 256 Quid
1098 217 1167 252 sibi
1193 218 1278 252 velit
1302 218 1371 253 hoc
1388 217 1528 252 dictum
1545 218 1636 254 vide.

976 269 1032 303 vii.
1055 271 1135 303 162.
1170 267 1243 302 Ver
1259 273 1314 302 est
1339 267 1639 314 praestantissima

974 319 1086 353 totius
1119 318 1209 352 anni
1249 329 1344 364 pars,
1388 329 1460 365 qua
1496 317 1639 353 sublata

974 369 1124 415 reliquae
1141 368 1197 402 vel
1215 368 1358 402 nullum
1371 368 1427 401 vel
1444 368 1640 414 perexigu-

976 428 1040 452 um
1060 417 1173 452 robur
1189 428 1229 451 ac
1247 418 1471 463 voluptatem
1489 417 1638 456 habent,

977 479 1087 514 quam
1137 467 1242 501 nobis
1283 467 1528 513 suppeditent.
1583 467 1642 502 Sic

976 518 1087 552 etiam
1105 517 1135 551 si
1150 517 1388 552 lectissimum
1401 518 1562 552 virorum
1576 517 1642 551 flo-

978 578 1058 602 rem
1090 578 1136 601 ex
1174 567 1297 613 aliquo
1329 567 1492 602 exercitu
1523 567 1641 608 tollas,

978 617 1139 664 reliquus
1173 617 1353 651 exercitus
1385 621 1552 652 remanet
1585 618 1640 651 in-

980 667 1120 707 firmus,
1153 671 1190 700 et
1219 667 1352 701 xiribus
1378 678 1419 701 ac
1446 678 1640 701 ornamen-

980 718 1025 751 tis
1063 716 1250 763 spoliatus,
1285 717 1338 751 ita
1369 722 1413 751 ut
1441 717 1527 751 inde
1559 717 1641 751 nul-

979 768 1057 802 lum
1086 766 1323 801 commodum
1350 767 1561 813 nullamque
1579 778 1643 800 vo-

978 817 1170 864 luptatem,
1198 817 1254 850 vel
1280 822 1478 864 utrumque
1501 816 1644 863 perexi-

980 878 1097 914 guum
1114 877 1258 912 sperare
1273 867 1396 912 possis.

957 931 1019 955 εας.
1039 917 1120 951 Ion.
1141 917 1352 951 terminatio
1366 928 1482 952 aecus.
1501 917 1593 963 plur.
1613 920 1644 952 1.

983 967 1072 1002 decl.
1102 966 1220 1012 simpl.
1246 978 1315 1012 pro
1336 978 1468 1001 comm.
1496 982 1545 1004 ας.
1587 972 1647 1000 Δε-

983 1016 1130 1056 σπότεας,
1146 1028 1213 1062 pro
1230 1014 1393 1055 δεσπότας.
1416 1017 1438 1051 i.
1460 1021 1542 1057 111,
1564 1020 1647 1052 112.

983 1064 1158 1109 ἓξηγητὲας,
1193 1078 1261 1112 pro
1295 1064 1455 1109 ἐξηγητάς.
1485 1067 1508 1102 i.
1535 1070 1596 1106 78.

959 1115 1020 1154 ξας.
1054 1117 1132 1151 Ion.
1158 1117 1370 1151 terminatio
1403 1128 1519 1152 accus.
1550 1117 1644 1163 plur.

985 1167 1250 1213 pronominum
1275 1167 1314 1201 in
1339 1182 1377 1204 ας
1403 1178 1536 1201 comm.
1553 1166 1648 1201 desi-

987 1217 1168 1251 nentium.
1191 1214 1297 1261 ὑμέας,
1316 1228 1384 1262 pro
1401 1228 1534 1251 comm.
1554 1216 1649 1262 ἡμᾶς.

987 1277 1064 1301 1105.
1083 1266 1128 1300 ab
1145 1264 1214 1308 ἐγώ.
1234 1266 1256 1300 i.
1274 1269 1336 1307 30,
1359 1270 1419 1302 32.
1447 1265 1554 1311 ὑμέας,
1582 1278 1649 1314 pro

989 1317 1083 1361 ὑμᾶς.
1102 1327 1174 1350 vos.
1193 1327 1214 1350 a
1231 1315 1280 1351 trie.
1298 1317 1323 1352 i.
1343 1319 1402 1352 53.
1421 1320 1480 1353 69.

962 1364 1039 1401 ἔασι.
1055 1366 1285 1401 Terminatio
1298 1367 1425 1401 Ionica
1436 1367 1554 1401 tertiae
1568 1378 1650 1414 per-

987 1427 1086 1450 sonae
1117 1416 1266 1462 pluralis
1298 1417 1493 1452 verborum
1527 1417 1566 1451 in
1597 1432 1649 1463 μι,

988 1478 1068 1513 quae
1093 1466 1341 1501 communiter
1366 1468 1405 1502 in
1422 1469 1477 1500 εἷο-ι
1503 1467 1648 1502 desinit.

987 1513 1178 1554 συντιθέασι,
1206 1527 1273 1562 ΡΙῸ
1299 1516 1478 1552 συντιθεῖσι.
1514 1518 1559 1551 iv.
1589 1521 1649 1552 23.

987 1567 1238 1611 Componunt.
1255 1564 1450 1613 πςοτιθὲασι.
1468 1579 1498 1602 v.
1513 1569 1546 1601 S.
1565 1566 1651 1614 [pro

965 1615 1172 1675 πςοτιθεῖσι.
1190 1623 1232 1650 ut
1246 1616 1349 1661 ibid]

963 1664 1042 1701 ἔασι.
1070 1665 1196 1702 Ionica
1218 1667 1432 1701 terminatio
1450 1669 1484 1702 3.
1503 1679 1647 1713 person.

989 1716 1082 1763 plur.
1101 1727 1205 1762 praes.
1225 1722 1380 1763 tempor.
1398 1717 1594 1753 vei-bomin
1613 1720 1654 1754 in

987 1780 1038 1811 μι,
1072 1777 1152 1813 quae
1183 1777 1315 1801 comm.
1350 1767 1390 1800 in
1422 1768 1477 1800 [io-c
1507 1767 1652 1804 desinit.

991 1815 1079 1851 ἱςιῖσι
1090 1827 1221 1851 comm.
1234 1822 1271 1850 at
1284 1817 1362 1851 Ion.
1377 1814 1487 1852 ἶςὲασι.
1501 1817 1652 1859 cim-'anach

992 1877 1059 1911 pro
1084 1867 1222 1902 αγις-οἶσι.
1255 1866 1491 1903 Submovent.
1517 1867 1653 1915 Expel-

989 1916 1082 1950 lunt.
1102 1928 1130 1950 V.
1149 1919 1209 1955 71.

962 1962 1057 2001 'iao-cv.
1075 1966 1153 2001 Ion.
1170 1971 1208 2000 et
1224 1970 1320 2012 poet.
1338 1977 1407 2013 pro
1421 1977 1554 2002 comm.
1571 1967 1653 2005 εἰσ-ι’ν.

990 2016 1094 2050 Sunt.
1114 2017 1137 2050 i.
1156 2019 1215 2050 66.

967 2063 1068 2101 ἕαται.
1107 2066 1186 2101 Ion.
1213 2066 1426 2100 terminatio
1458 2066 1654 2103 verborum

991 2126 1123 2150 comm.
1146 2117 1185 2150 in
1210 2130 1297 2153 ηνται
1324 2117 1364 2150 in
1388 2120 1422 2151 3.
1449 2128 1541 2162 pers.
1560 2118 1655 2163 plur.

991 2165 1247 2201 desinentium.
1272 2164 1414 2208 vivimus,
1435 2177 1503 2212 pro
1519 2164 1654 2209 ὅγηνΊαι.

991 2215 1226 2250 Existimant.
1253 2216 1277 2249 i.
1307 2219 1388 2250 136.
1416 2214 1569 2258 οἰκέαται,
1587 2228 1656 2263 pro

992 2263 1141 2307 οἴκηνται,
1168 2267 1310 2312 hocque
1336 2277 1403 2312 pro
1431 2263 1564 2311 ᾇῖκηῦἳαι.
1591 2267 1654 2301 In-

994 2316 1131 2350 colunt.
1175 2315 1367 2350 Habitant.
1400 2316 1422 2350 i.
1456 2319 1537 2351 142.
1571 2316 1655 2351 Hoc

994 2370 1118 2400 autem
1132 2366 1314 2399 formatur
1331 2363 1467 2410 rejecto
1486 2381 1509 2405 ν,
1528 2371 1566 2400 et
1582 2366 1654 2401 dis-

995 2416 1114 2449 soluto
1132 2431 1147 2452 η
1164 2416 1203 2449 in
1220 2428 1265 2450 εα.
1292 2413 1460 2455 κατέαται,
1485 2427 1552 2462 pro
1568 2415 1653 2450 ,ια’-9-

995 2479 1092 2501 κνται.
1124 2465 1270 2500 Sedent.
1295 2465 1317 2499 1.
1346 2469 1426 2501 199.
1453 2464 1653 2504 πεπονέαται,

996 2525 1063 2560 pro
1089 2513 1283 2551 πεπόνῃνται.
1311 2514 1510 2550 Laborant.
1536 2516 1572 2550 11.
1595 2518 1655 2551 63.

995 2563 1181 2599 συννενέαται
1199 2574 1266 2610 pro
1283 2562 1476 2601 συννὲνηνται.
1502 2577 1524 2600 a
1546 2565 1657 2600 verbo

997 2612 1059 2654 νέω,
1089 2614 1175 2654 νήσω,
1206 2624 1389 2648 coacervo.
1422 2625 1490 2660 pro
1518 2626 1591 2661 quo
1620 2619 1658 2648 et

997 2663 1076 2704 νηέω,
1095 2664 1128 2698 ὦ.
1148 2663 1249 2701 invio-m.
1277 2664 1313 2697 ii.
1344 2667 1424 2698 135.
1450 2665 1494 2699 iv,
1521 2668 1580 2699 62.
1606 2678 1657 2698 κε-

995 2712 1145 2755 κλέαται,
1187 2724 1255 2760 pro
1287 2712 1464 2752 κέκληνται.
1496 2714 1533 2751 11.
1572 2717 1653 2750 164.
