1732 3045
351 115 417 145 ΩΑ

76 211 136 246 vii.
172 213 253 246 123.
297 209 368 245 Sed
409 220 486 245 non
518 214 662 245 constat
694 209 746 245 ibi

77 266 203 296 utrum
222 271 330 296 masc.
348 272 395 295 an
412 260 437 295 f.
455 272 491 308 g.
510 261 567 295 sit.

52 325 75 344 a
105 323 180 346 non
209 311 328 345 solum
354 311 487 348 Attice,
519 310 581 345 sed
601 314 637 344 et
663 310 742 345 Ion.

77 372 145 407 pro
162 372 293 396 comm.
315 375 337 394 οι
363 361 403 395 in
431 361 663 396 nominativis
686 372 744 394 ac-

76 417 188 446 cusat.
208 411 377 446 vocativis
391 411 484 457 plur.
501 415 640 458 quartae
653 410 743 446 decl.

76 461 309 507 simplicium,
353 462 518 496 neutrius
566 472 651 508 gen.
703 467 746 495 ut

77 512 120 545 τοὶ
146 508 252 553 εὕγεω.
287 522 355 557 pro
388 511 430 545 τοὶ
464 508 566 553 εἴγεοι,
610 512 668 545 Sic
701 510 744 544 τοὶ

75 560 239 608 ἀξιόχξεω.
259 573 328 607 pro
344 560 506 610 ἀξιόχξεοι,
520 561 617 608 quod
630 561 744 596 inusi-

76 617 206 646 tatum.
225 624 256 646 V.
277 615 336 646 65.

51 673 85 696 a.
104 661 184 696 Ion.
203 662 272 696 dmi
298 676 354 696 του
381 677 434 695 ow.
460 673 593 696 comm.
619 662 744 709 τξῶμοι,

76 723 143 769 p1o
160 726 302 759 τςοιυμοι.
321 713 460 746 vulnus.
479 712 596 758 plaga
615 711 744 746 clades.

75 763 145 796 nisi
172 762 282 820 wago)
291 764 325 795 τὸ
357 776 423 810 ‘roge
414 776 502 802 ω,ω
509 792 514 797 .
542 763 618 810 τξῶ,
644 776 742 809 ‘egwa-

74 826 193 860 ‘temo-w,
222 810 350 860 τξώῡ-κω
387 827 558 861 ‘tergm-mo
587 824 664 858 pel
654 812 744 846 f'.()lO

74 869 240 908 penetr0‚
268 863 432 903 vulnero,
464 863 597 900 saucio,
632 862 714 896 ded·-
705 874 745 896 ι-

75 918 176 947 ctum
193 912 300 946 dicas.
319 913 341 948 i
366 915 420 947 18.
443 911 659 961 τξωμοιτιζειν.
679 923 745 960 pio

75 960 312 1011 τραυματιζειν.
333 963 355 998 i.
373 967 431 999 59.

50 1012 73 1057 ᾧ
90 1013 169 1048 Ion.
186 1024 254 1059 pro
271 1024 404 1048 comm.
421 1015 458 1047 οῖ.
475 1010 549 1058 ὃυῷν
567 1024 633 1059 pro
651 1009 721 1046 δυοῖ
710 1027 743 1045 ν.

76 1062 646 1108 Duob.l.94‚130.mw·oec,plo
664 1062 744 1096 οἰνω-

77 1127 144 1148 ι-οιι.
172 1112 364 1148 Retulisse.
393 1114 414 1148 i.
452 1118 532 1153 157.
560 1111 645 1158 δυῷν.
680 1124 746 1159 pro

77 1160 170 1198 δυοῖν.
189 1164 233 1198 iV.
256 1167 287 1203 l,
307 1169 366 1200 90.

52 1210 146 1248 οἴοιτο.
166 1214 244 1248 Ion.
263 1217 297 1249 3.
317 1226 409 1260 pers.
437 1213 530 1260 plur.
548 1213 691 1259 imperf.
710 1216 745 1248 2.

77 1262 225 1311 conjug.
255 1270 432 1300 contract.
460 1275 528 1310 pro
556 1275 689 1298 comm.
708 1264 747 1298 in

76 1314 151 1347 ὄντα
168 1314 368 1349 desinente.
388 1313 561 1362 ἐπειξώοιτο.
582 1325 649 1359 pro
667 1312 746 1347 ἔπει-

76 1365 182 1412 ςῶντο.
205 1365 424 1399 Tentabant.
454 1365 662 1399 Periculum
694 1364 746 1398 fa-

76 1414 232 1449 ciebant.
252 1416 273 1449 i.
293 1418 351 1451 68.
381 1415 439 1449 Sic
466 1420 590 1449 autem
610 1415 747 1448 forma-

77 1470 148 1499 tur.
168 1463 338 1513 {vi-ugano,
356 1465 500 1500 sublato
519 1479 543 1505 r,
558 1470 594 1499 et
610 1465 747 1499 inserto

77 1529 110 1549 σι.
140 1513 316 1563 bergamo,
334 1516 569 1551 circumflexo
597 1516 635 1549 in
661 1526 746 1549 acu-

79 1570 157 1600 tum
185 1571 341 1606 mutato,
370 1566 454 1612 quia
485 1565 567 1600 duae
603 1565 747 1612 syllabae

77 1621 292 1662 sequuntur.
311 1616 574 1650 Ciicumflexus
591 1615 690 1649 enim
708 1616 747 1649 in

74 1665 245 1700 ultimam
259 1670 418 1705 tantum,
430 1670 493 1700 aut
505 1666 748 1712 penultimam

79 1715 181 1750 verbi
207 1722 341 1751 natura
364 1716 472 1751 cadit.
501 1716 639 1762 Excipe
661 1717 747 1750 τοῖο--

77 1779 178 1800 σεο-σιν
195 1767 404 1807 articulum,
423 1766 467 1800 de
487 1777 559 1813 quo
576 1766 747 1800 Eustath.

79 1816 137 1851 Sic
175 1813 302 1850 τοῖο-ωδε
341 1816 438 1862 apud
482 1816 748 1863 Hippocratem

77 1870 162 1902 480.
179 1870 239 1902 22.
258 1870 330 1913 typ.
348 1867 505 1902 Froben.

52 1915 145 1964 ῴατο.
163 1917 244 1952 Ion.
263 1920 297 1953 3.
317 1929 410 1963 pers,
438 1918 512 1963 plu.
540 1920 655 1963 optat.
674 1926 748 1951 mo.

76 1970 112 2002 2.
138 1965 286 2015 conjug.
305 1979 373 2014 pro
390 1979 522 2003 comm.
540 1968 579 2002 in
596 1968 667 2012 &vro
686 1966 748 2000 de-

77 2017 231 2052 sinente.
250 2020 406 2066 πειξῷοιτο
425 2029 492 2064 pro
510 2018 669 2079 πειζῷντο,
687 2028 748 2051 CO·-

79 2072 268 2103 narentlu.
299 2067 331 2102 ἐκ
364 2082 420 2102 ‘tou
445 2066 628 2116 πειςοίοιντο,
659 2066 748 2100 κριτοὶ

76 2119 198 2166 ’agdo-cv.
218 2119 261 2153 iv.
284 2122 365 2155 139.
383 2114 748 2165 vi.138.sico‘ge35mo.

77 2179 145 2214 pro
159 2168 278 2216 ὁςῷντο
296 2170 478 2204 formatui
491 2173 615 2203 autem
633 2168 718 2202 ab
695 2182 749 2212 ῳν-

77 2232 113 2251 το
124 2219 386 2254 terminatione
396 2219 598 2259 communi,
612 2216 750 2263 rejecto

79 2282 103 2307 ν,
122 2269 261 2304 inserto
277 2285 313 2310 οι,
328 2275 366 2305 et
382 2270 627 2309 circumflexo,
640 2280 749 2315 prop-

80 2323 137 2354 ter
173 2319 263 2354 duas
291 2325 484 2367 sequentes
512 2319 675 2366 syllabas,
710 2319 750 2353 in

79 2374 243 2410 acutum,
281 2382 327 2405 ex
364 2370 615 2417 grammaticis
658 2380 750 2415 prae-

81 2420 206 2466 ceptis,
225 2425 378 2455 mutato.
413 2420 479 2456 Vel
499 2432 521 2454 a
541 2423 574 2455 3.
597 2420 691 2466 sing.
711 2420 751 2454 in

79 2470 139 2515 ᾄτο
156 2469 357 2513 desinente,
375 2471 514 2506 inserto
530 2484 564 2504 oa.
580 2469 624 2505 V.
636 2469 750 2505 Hom.

82 2523 143 2555 32.

55 2567 133 2607 ὥῖος.
162 2569 240 2605 Ion.
273 2576 310 2605 et
339 2575 435 2617 poet.
465 2581 533 2617 pro
559 2581 692 2605 comm.
713 2573 751 2604 et

80 2620 206 2654 Attico
231 2623 294 2667 ᾂος.
321 2622 362 2656 in
387 2620 573 2669 adjectivis
591 2621 750 2655 nomini-

80 2669 157 2705 bus.
176 2669 343 2720 πατρώϊος.
362 2683 429 2719 pro
446 2673 600 2719 ποιτςῷος.
625 2670 751 2706 Pater-

82 2731 159 2755 nuS.
178 2721 201 2758 i.
220 2725 279 2757 41.
298 2722 334 2758 ii.
356 2725 387 2757 1.

1127 114 1198 146 ΩΘ

794 209 977 257 &sizzo-9021.
1008 208 1185 253 Verbum,
1218 210 1314 259 quod
1344 211 1492 258 proprie

819 261 953 295 (licitur
970 261 1014 295 dc
1033 261 1087 301 iis,
1105 263 1165 308 qui
1179 268 1330 308 propter
1347 262 1490 305 confer—

820 315 896 345 tam
915 312 1039 357 populi
1061 312 1335 347 multitudinem
1353 324 1391 346 se
1409 323 1492 347 mu-

820 366 885 395 tuo
916 361 1072 407 pellunt,
1099 367 1141 396 ut
1171 363 1293 409 aliquo
1323 363 1491 409 perveni-

820 416 906 454 ant3
928 418 969 445 ut
987 411 1029 446 fit
1050 411 1088 445 in
1105 412 1312 458 principum
1330 413 1434 453 aulis,
1454 413 1495 448 in

820 462 1013 508 praetoriis,
1032 473 1073 496 ac
1100 464 1382 509 magistratuum
1407 463 1494 497 aedi-

821 512 900 552 bus,
929 524 1043 559 quum
1080 513 1159 559 quis
1198 513 1242 546 ad
1276 513 1492 558 principem,

821 567 1030 607 praetorem,
1049 566 1086 596 et
1104 562 1372 609 magistratum,
1391 574 1493 597 acce-

821 612 907 646 dere
933 614 1047 658 cupit,
1073 621 1113 647 ut
1141 624 1224 647 eum
1253 624 1374 647 coram
1403 613 1492 647 allo-

822 667 964 709 quatur.
984 661 1170 708 ὠθιζομένων
1189 662 1300 697 αὐτῶν.
1328 663 1418 708 Ipsis
1436 663 1493 696 in-

822 717 879 746 ter
896 725 932 747 se
951 713 1259 752 concertantibus,
1278 718 1387 759 atque
1406 724 1494 746 con-

821 763 1054 797 flictantibus.
1074 764 1122 797 iii.
1139 767 1197 802 76.
1219 762 1310 798 Haec
1327 764 1378 797 ita
1396 763 1493 797 Galli

821 814 942 859 patrio
960 825 1127 847 sermone
1143 814 1299 848 feliciter
1312 813 1493 859 exprime-

821 869 914 898 rent.
944 864 1047 898 Iceux
1077 865 1201 898 s'entre
1231 876 1395 909 poussans
1423 864 1495 897 l'zm

823 914 948 948 l'a'zttre
970 926 1058 960 pour
1082 919 1207 948 entrer.
1234 914 1312 954 Vel,
1334 915 1436 948 [ceux
1459 924 1496 947 se

823 965 1004 998 clebattans
1022 969 1118 998 entre
1135 976 1199 998 ena:
1215 976 1304 1010 pour
1319 969 1443 998 enti-er.

798 1013 943 1059 ὠθισμός.
962 1029 1006 1049 ου.
1026 1014 1052 1047 ὁ.
1079 1015 1263 1060 impulsio.
1291 1014 1494 1062 Propulsio.

822 1065 1032 1099 Conflictus.
1052 1065 1237 1105 Przelium,
1264 1065 1303 1099 in
1331 1076 1404 1111 quo
1433 1064 1496 1099 alii

822 1115 911 1149 alios
929 1116 1038 1149 almis
1058 1115 1281 1161 propellunt,
1296 1121 1337 1150 ut
1355 1114 1494 1162 aliquid

822 1165 861 1199 in
900 1177 1004 1199 suam
1046 1170 1266 1211 potestatem
1310 1165 1494 1223 redigant.

825 1214 957 1263 nego-{w
990 1228 1033 1254 τε,
1077 1217 1133 1250 και)
1174 1213 1434 1261 Λακεδαιμονιων,
1470 1214 1494 1248 ὦ

822 1264 963 1310 θνα-,κὸς
954 1278 1027 1308 §ssve
1030 1281 1064 1299 το
1082 1265 1214 1304 πολλός.
1231 1267 1287 1301 Vll.
1304 1269 1388 1300 ί225.
1406 1266 1496 1300 Per·

822 1327 958 1355 sarum,
971 1321 1008 1349 et
1022 1315 1384 1350 Lacedaemoniorum
1400 1316 1496 1350 mul-

823 1372 893 1405 tus,
929 1366 985 1400 vel
1020 1377 1186 1412 magnus,
1224 1371 1261 1400 et
1297 1367 1495 1400 vehemens

821 1417 1009 1450 conflictus
1036 1416 1106 1450 fuit
1122 1433 1131 1456 3
1164 1416 1201 1451 id
1221 1421 1287 1457 est,
1307 1417 1439 1457 Persae,
1459 1420 1497 1451 et

823 1466 1093 1501 Lacedaenmnii
1112 1468 1209 1501 inter
1225 1479 1262 1500 se
1286 1467 1497 1502 vehementi

822 1517 994 1551 conflictu
1022 1522 1247 1564 pugnarunt.
1267 1517 1339 1552 Pro
1357 1517 1493 1551 Leoni-

822 1567 877 1601 dae
891 1567 1064 1601 cadavere
1079 1567 1280 1602 obtinendo
1299 1568 1495 1601 vehemen-

823 1622 879 1651 ter
896 1618 1152 1658 conflixerunt,
1171 1619 1224 1652 ita
1239 1625 1282 1652 ut
1299 1630 1335 1652 se
1362 1624 1495 1652 mutuo

822 1673 901 1713 prot
912 1667 1094 1707 ;u‹le1·ent,
1111 1673 1219 1715 atque
1232 1669 1492 1714 propellerent.

799 1717 933 1762 ὠθισμὸς
947 1717 1058 1759 λόγων.
1074 1717 1281 1752 Verborum
1293 1718 1493 1753 conflictus.

823 1767 880 1800 τῶν
899 1770 1064 1815 ςξοιτηγῶν
1088 1766 1199 1810 ἐγίνετο
1226 1767 1362 1813 ὠθισμὸς
1391 1767 1494 1810 λόγων

823 1818 955 1855 πολλός.
970 1818 1041 1852 viii.
1056 1821 1115 1857 78.
1136 1818 1238 1852 Inter
1255 1818 1363 1852 duces
1382 1829 1495 1866 grave

826 1867 1020 1902 verborum
1032 1872 1232 1907 certamen,
1246 1869 1365 1915 gravis
1383 1870 1494 1903 alter-

823 1918 919 1952 catio
936 1918 1017 1952 fuit.
1042 1917 1066 1951 ἐν
1093 1919 1132 1965 τῇ
1149 1916 1290 1961 διατάξει
1309 1917 1421 1961 ἐγένετο
1439 1916 1496 1952 λα’-

823 1982 886 2010 ·γων
916 1970 1046 2001 πολλῶν
1081 1968 1217 2014 ὠθισμὸς
1249 1968 1418 2011 Τεγεητέων
1448 1982 1495 2010 τε,

822 2018 879 2051 noa)
904 2015 1085 2055 Ἀθηναίων.
1112 2019 1160 2053 ix.
1191 2021 1252 2054 26.
1281 2018 1405 2054 Valla:
1438 2019 1496 2054 Ibi

823 2069 862 2102 in
879 2067 1148 2115 distinguendis
1168 2069 1377 2104 nationibus
1392 2080 1496 2116 mag-

824 2129 872 2152 na
900 2129 986 2152 sane
1015 2120 1204 2154 altercatio
1234 2120 1374 2154 exstitit
1398 2121 1496 2154 inter

823 2168 1015 2216 Tegeatas‚
1038 2174 1075 2204 et
1102 2170 1352 2204 Athenienses..
1376 2170 1436 2206 AE.
1457 2170 1498 2205 P.

824 2219 870 2253 In
911 2219 988 2265 ipsa
1032 2220 1221 2263 [militum]
1258 2220 1497 2267 dispositione

829 2269 869 2314 [i.
899 2270 938 2303 in
976 2270 1053 2304 acie
1086 2270 1311 2309 instruenda,
1340 2277 1378 2305 et
1415 2271 1498 2305 loco

825 2319 978 2366 singulis
1005 2321 1216 2355 nationibus
1242 2321 1495 2368 assignando,]

824 2370 1029 2404 multorum
1071 2371 1268 2405 verborum
1307 2371 1498 2406 altercatio

825 2420 923 2454 inter
938 2419 1029 2467 Teg.
1049 2425 1087 2455 et
1108 2422 1243 2455 Athen.
1259 2421 1411 2455 exstitit.
1439 2419 1464 2459 ἐς
1481 2419 1497 2455 ’ὃ

825 2468 974 2503 ἀπίκοντο
994 2469 1017 2508 ἐς
1047 2470 1193 2516 ὠθισμόν.
1213 2472 1259 2506 ix.
1280 2474 1337 2506 62.
1368 2471 1498 2506 Donec

826 2520 873 2554 ad
909 2521 1186 2566 propulsionem
1226 2526 1417 2556 venerunt.
1455 2520 1498 2568 [i.

826 2570 956 2605 Donec
974 2571 1035 2605 alii
1052 2571 1140 2606 alios
1165 2572 1275 2606 armis
1293 2570 1498 2618 propellere

826 2624 1047 2666 coeperunt.]

802 2668 966 2704 ὧκῖντοκον.
987 2686 1032 2706 ου.
1051 2669 1097 2706 τό.
1116 2671 1163 2706 N.
1183 2670 1231 2705 H.
1250 2671 1382 2706 Partus
1405 2669 1498 2705 cele-

828 2721 927 2755 ritas.
944 2720 1106 2769 ἁποφὲςειν
1123 2722 1161 2769 τῇ
1179 2720 1332 2770 Εἰληθυίῃ
1346 2722 1395 2756 τὸν
1410 2720 1499 2769 φόξον
