1732 3045
348 119 412 149 EN

40 215 180 252 ἐνθεῦτεν.
211 214 290 250 Ion.
326 225 394 262 pro
421 224 555 249 comm.
593 212 734 249 ἐντεῦθεν.

65 267 174 302 Hinc.
200 265 317 300 Illinc.
343 265 367 299 i.
396 268 431 304 2,
458 269 495 304 9,
520 267 577 304 17,
596 267 658 304 27,
675 267 734 299 56.

63 318 98 352 τὸ
115 314 253 350 ἐνθεῦτεν.
268 315 411 350 Postea.
426 316 450 349 i.
471 318 532 354 75,
548 317 607 349 80.
636 312 735 349 ἐνθεῦ-

58 379 120 401 τεν.
135 364 244 399 Hinc.
256 365 279 399 i.
293 369 373 401 105.
386 366 420 399 τὸ
436 363 576 399 ἐνθεῦτεν.
591 364 734 400 Postea.

63 416 86 451 i.
109 419 191 456 109,
214 419 296 452 119.

37 463 185 510 ἐνθύμιον,
212 479 257 503 ου,
290 463 336 500 τό.
373 476 507 500 comm.
535 464 732 511 Cogitatio.

60 515 170 554 Quod
201 515 241 550 in
277 516 402 550 animo
435 519 599 550 versatur
628 520 665 549 et
695 527 732 549 a-

62 566 216 621 gitatur.
243 565 353 603 Quod
371 565 616 613 religionem'
606 576 646 599 m
669 564 733 599 ali-

62 613 166 661 cujus
200 616 325 651 animo
358 616 441 652 ciet.
483 617 517 651 A
550 615 733 662 theologis

62 666 306 701 Conscientiae
346 667 539 712 scrupulus
574 666 733 712 appella-

61 720 132 752 tur.
158 717 192 751 A
210 716 325 751 Cicer.
350 716 510 764 Religio.
542 713 678 761 &Sus-mov
707 715 735 750 οἱ

61 764 171 809 ἐγένετο
200 765 392 815 {pan-gricourt
416 768 452 801 τὸ
478 765 551 815 ἷξόν.
579 766 651 801 viii.
673 769 731 801 54.

61 816 188 852 Valla:
219 817 318 852 Eum
341 822 471 864 sponte
497 816 586 852 facti
615 817 733 863 poeni—

61 867 147 908 tuit,
192 867 290 913 quod
333 871 601 902 concremasset
639 870 733 902 tem-

59 917 173 964 plum.
192 916 253 952 AE.
268 917 308 953 P.
324 917 473 965 Religio
491 918 525 952 ei
535 917 618 952 fuit.
636 917 734 965 quod

62 967 243 1014 templum
259 972 465 1003 cremasset.
485 968 634 1015 Religio
655 965 733 1013 ejus

61 1017 188 1054 animo
231 1017 354 1053 oblata
396 1024 462 1058 est,
503 1018 601 1065 quod
641 1024 733 1052 tem-

61 1067 165 1115 plum
183 1068 413 1103 incendisset.
440 1068 523 1108 Vel,
545 1068 734 1114 Religioni

60 1118 201 1159 habuit,
215 1118 312 1166 quod
327 1119 388 1153 &c
401 1118 481 1159 Vel,
498 1117 661 1164 Injectus
678 1123 734 1153 est

63 1169 99 1204 ei
125 1169 358 1203 conscientiae
385 1169 589 1215 scrupulus.
626 1170 733 1204 Scru-

62 1219 193 1266 pulum
214 1219 313 1253 enim
340 1219 453 1254 etiam
477 1220 607 1254 Cicero
631 1233 734 1265 μετοι-

62 1269 194 1317 φοςικῶς
209 1270 334 1304 multis
349 1269 388 1303 in
402 1270 489 1304 locis
502 1274 655 1316 usurpat
666 1281 734 1316 pro

63 1330 116 1357 re,
133 1331 213 1367 quae
234 1319 517 1360 solicitudinem,
535 1320 734 1354 dubitatio-

65 1381 166 1410 nem,
190 1374 227 1404 et
241 1381 367 1404 curam
379 1370 504 1404 animo
520 1370 636 1405 affert.
661 1370 734 1404 Pro

62 1419 259 1455 Sex.Rosc.
271 1421 354 1455 Am.
368 1423 437 1456 52.
450 1420 505 1455 ed.
517 1420 608 1455 Ern.
622 1419 734 1454 Hunc

61 1470 132 1504 sibi
156 1482 202 1505 ex
225 1470 350 1505 animo
368 1471 593 1517 scrupulum,
611 1471 674 1517 qui
695 1481 734 1504 se

61 1519 138 1555 dies
167 1526 364 1567 noctesque
383 1521 548 1555 stimulat
570 1532 611 1555 ac
639 1532 734 1566 pun-

66 1571 139 1618 git,
164 1576 206 1605 ut
232 1571 393 1605 evellatis
420 1571 591 1617 postulat.
630 1571 732 1606 Idem

63 1632 131 1667 pro
156 1622 199 1656 A.
226 1622 371 1656 Cluent.
396 1632 423 1656 s.
451 1624 511 1656 28.
558 1621 632 1656 Hic
654 1626 735 1655 tum

64 1669 220 1716 injectus
235 1676 289 1706 est
302 1671 516 1706 hominibus
529 1672 731 1718 scrupulus,

64 1726 103 1756 et
128 1722 296 1769 quaedam
330 1721 525 1762 dubitatio,
558 1722 735 1770 quidnam

62 1776 156 1806 esset
176 1777 311 1806 actum.
340 1772 445 1806 Idem
465 1772 512 1806 ad
529 1773 641 1807 Attie.
666 1772 689 1807 l.
710 1772 733 1807 i.

63 1833 118 1868 ep.
136 1826 191 1857 18.
215 1823 270 1857 Ac
287 1822 572 1857 domesticarum
586 1822 735 1870 quidem

67 1872 344 1907 solicitudinum
378 1873 521 1907 aculcos
545 1884 672 1907 omnes
699 1877 737 1906 et

63 1923 252 1969 scrupulos
277 1922 479 1958 occultabo.
512 1923 675 1969 Usurpat
698 1927 737 1957 et

65 1972 229 2020 Thucyd.
260 1973 330 2008 hoc
356 1973 587 2014 vocabulum,
619 1977 656 2008 et
682 1973 736 2007 lo-

67 2024 257 2058 cutionem
284 2022 420 2069 ἐνθύμιον
452 2025 619 2059 ποιεῖσθαι.
656 2022 736 2058 Du-

15 2120 17 2122 .
65 2084 160 2112 cere,
184 2074 241 2108 vel
263 2074 398 2108 habere
419 2074 602 2121 religioni.
627 2073 737 2111 Quod

66 2123 206 2159 Gallice
230 2124 373 2164 melius,
413 2124 514 2158 Fac're
544 2125 739 2159 conscience

66 2175 108 2209 de
137 2175 212 2209 dire
238 2186 282 2208 ou
312 2172 414 2221 faire
444 2175 589 2220 quelque
629 2174 738 2210 chose.

70 2224 229 2259 Consule
244 2232 414 2259 nostrum
431 2224 739 2259 Graeco-latinum

66 2273 229 2321 Thucyd.
243 2274 414 2310 indicem.
434 2274 507 2310 Hic
520 2280 646 2310 tamen
661 2274 739 2309 He-

69 2325 191 2360 rodoti
229 2326 329 2360 locus
370 2337 446 2360 non
475 2326 599 2372 inepte
641 2325 692 2360 sic
719 2336 741 2360 a

71 2375 184 2410 Gallis
202 2376 322 2422 patrio
339 2387 508 2410 sermone
522 2380 739 2415 verteretur,

70 2425 105 2460 12
129 2430 186 2459 eut
209 2428 362 2461 remords
376 2427 417 2460 (Ie
445 2428 640 2460 conscience
666 2427 740 2460 (Ιά-

69 2477 145 2510 voir
164 2476 260 2510 brule'
278 2477 308 2510 le
322 2477 457 2522 temple.
477 2476 569 2510 Vide
594 2475 742 2522 Religio

70 2526 168 2572 apud
198 2525 401 2567 Nizolium,
442 2530 480 2560 et
516 2527 555 2560 in
586 2527 742 2572 vulgatis

71 2575 214 2611 Latinis
229 2576 464 2611 dictionariis.
492 2575 641 2611 Habere
658 2576 742 2610 reli-

74 2625 179 2672 gioni
190 2627 282 2661 nihil
295 2627 394 2662 aliud
409 2631 476 2667 est,
489 2638 599 2673 quam
610 2626 743 2661 Numi-

74 2675 131 2710 nis
154 2675 267 2711 divini
282 2682 397 2717 metu,
422 2682 460 2712 et
480 2676 706 2711 conscientia
724 2687 746 2711 a

76 2735 116 2761 re
128 2725 249 2775 aliqua
259 2726 449 2770 deterreri,
468 2727 524 2762 vel
538 2726 720 2774 impediri.

1124 120 1186 149 EN

787 212 947 258 ἒνθυμιςὶν
978 215 1146 249 ποιεῖσθαι,
1187 213 1401 250 Hel'odotea
1424 216 1477 251 lo*

811 264 921 298 cutio.
958 263 1147 311 Religioni
1171 265 1315 300 habere.
1340 265 1479 313 Religi—

810 315 873 347 oni
913 313 1056 349 ducere.
1103 314 1257 349 Vertere
1296 316 1479 362 religioni.

811 364 904 399 Gall.
931 364 1032 399 Faz're
1051 367 1245 399 conscience
1263 365 1414 413 defaire
1437 378 1481 401 ou

811 415 887 449 (lire
904 416 1051 460 quelque
1069 415 1176 449 chose.
1192 416 1229 450 ii.
1249 419 1329 454 175.
1361 416 1479 461 [Thu-

809 464 886 511 cyd.
908 462 1044 509 ἐνθύμιον
1067 466 1233 500 ποιεῖσθαι.
1261 465 1353 500 Vide
1377 467 1479 502 Grae-

809 524 894 548 cum
914 514 1100 558 indicem]

784 560 834 605 ἒνι,
860 565 938 599 Ion.
954 570 992 600 et
1009 570 1105 623 poet
1125 575 1192 611 pro
1209 561 1247 599 ἕεν
1251 579 1292 600 re
1312 566 1370 600 vii.
1393 569 1475 602 112.

810 615 920 670 Inest
941 619 977 650 et
992 626 1060 662 pro
1074 612 1166 649 §.vem-a
1186 615 1327 650 Insunt.
1342 616 1428 651 ibid.

784 665 821 699 ἑνὶ
842 662 905 699 ἕπει
933 664 1046 700 πάντα
1070 662 1278 699 συλλαζόντοι
1295 667 1397 701 simtu.
1426 666 1482 702 Ut

809 727 832 750 u
838 727 886 749 no
897 728 959 751 vei
963 716 1009 751 bo
1027 717 1153 750 omnia
1165 716 1479 762 comprehenden-

810 765 858 800 do
875 766 1006 801 dicam.
1021 767 1070 801 iii.
1087 770 1145 802 82.

785 813 941 857 ἐνιαύσιος,
971 832 1018 858 ov,
1037 816 1063 850 ὁ.
1080 816 1230 851 Nomen
1247 815 1479 863 adjectivum,

811 866 910 913 quod
939 866 986 901 ab
1026 867 1193 902 Homero
1227 867 1403 902 tribuitur
1434 869 1480 908 ei,

811 917 873 964 qui
892 918 1088 963 quotannis
1110 917 1248 964 aliquid
1266 917 1363 953 facit.
1389 930 1420 965 q.
1445 918 1481 953 (1.

810 968 979 1002 Annuus.
1008 966 1140 1013 Νεῧμοιί
1162 982 1220 1005 σοι,
1251 970 1358 1013 νεῦμαι
1385 966 1482 1002 {unach-

810 1031 886 1058 στος,
927 1017 984 1053 cias-e
1023 1015 1167 1062 χελιδών,
1205 1017 1249 1050 V.
1279 1018 1391 1053 Hom.
1420 1022 1482 1053 33.

810 1066 956 1102 Redibo
979 1068 1023 1102 ad
1047 1073 1095 1106 te.
1121 1067 1250 1102 redibo
1270 1069 1481 1115 quotannis,

809 1123 852 1152 ut
877 1118 1048 1154 hirundo.
1076 1116 1218 1156 ἐνιαύσιος
1243 1119 1340 1167 ἀξχὺ,
1365 1120 1483 1165 magi-

810 1173 946 1203 stratus
985 1178 1142 1208 annuus‚
1184 1169 1246 1215 qui
1287 1170 1483 1216 quotannis

810 1224 968 1259 creatur,
998 1224 1036 1253 et
1057 1230 1176 1253 unum
1198 1230 1339 1253 annum
1363 1219 1483 1254 durat.

809 1269 961 1315 Dionys.
988 1268 1107 1304 Halic.
1131 1270 1258 1316 Antiq.
1283 1269 1391 1304 Rom.
1418 1269 1481 1304 lib.

809 1323 845 1355 2.
865 1324 945 1356 119.
965 1324 1024 1359 47,
1053 1320 1212 1354 Consule
1237 1320 1410 1354 Graecum
1427 1320 1484 1355 in-

811 1370 931 1404 dicem
948 1369 1116 1404 wecheli
1134 1371 1226 1416 typis
1245 1380 1432 1406 excusum.

785 1419 903 1468 ἐνιαχῇ.
924 1420 1123 1454 Nonnullis
1151 1421 1191 1454 in
1210 1420 1308 1455 locis.
1323 1420 1483 1458 Quibus-

810 1470 950 1505 damin
968 1470 1146 1516 partibus
1168 1471 1190 1504 i.
1207 1474 1266 1506 99.

785 1517 909 1569 ἒνιὸξυς,
943 1518 1042 1569 ὃςυος.
1074 1535 1100 1556 n.
1132 1519 1179 1554 N.
1208 1520 1258 1554 H
1292 1520 1420 1555 Lutra.
1458 1518 1484 1555 ἔν

809 1570 911 1609 τοιὺτη
934 1571 990 1619 [τη
1006 1569 1118 1617 λιμνη]
1140 1567 1265 1618 ἔνιὲξυες
1286 1570 1484 1605 αλισκοντοιι.

809 1621 855 1656 iv.
879 1626 960 1657 109.
989 1621 1035 1655 In
1059 1621 1127 1655 hac
1148 1620 1280 1666 palude
1300 1622 1406 1656 lutiae
1424 1632 1484 1655 ca—

810 1673 974 1718 piuntur
1004 1671 1074 1706 Sed
1100 1671 1335 1706 scn’bendum
1362 1672 1485 1718 potius

811 1720 945 1771 ἒνυδξιες,
981 1726 1133 1757 alecto
1174 1718 1296 1769 ενυδξις.
1330 1721 1412 1756 HOC
1439 1734 1485 1755 cx

811 1774 890 1819 ipso
917 1778 1040 1819 etymo
1079 1775 1191 1818 patet
1236 1770 1355 1806 Lutra
1384 1773 1484 1806 enim

810 1821 893 1872 {gru}
897 1838 921 1861 ις
940 1828 1103 1861 vocatur,
1135 1818 1188 1855 >aab
1207 1837 1241 1855 το
1270 1820 1294 1855 ἓν
1320 1824 1365 1867 τῷ
1390 1819 1485 1857 ubam

810 1872 878 1922 ζην,
878 1839 1020 1920 ξ’(ῃιοᾶ
1010 1884 1079 1907 111
1068 1884 1163 1919 aqua
1180 1873 1235 1906 xiv
1238 1876 1286 1906 at.

787 1922 896 1958 ἔνιὲνοιι.
924 1934 1058 1957 comm.
1080 1921 1245 1967 injicere
1268 1921 1487 1957 Immittere

813 1973 838 2013 ἐς
868 1989 926 2012 τας
956 1971 1053 2011 πόλις
1082 1971 1195 2010 ἒνιεντες
1226 1972 1486 2020 πυς.ἱ111.3(7

813 2025 945 2071 Ignem
960 2023 999 2057 in
1012 2022 1121 2057 urbes
1136 2021 1352 2068 injicientes.

788 2073 923 2120 ἔνιό-χειν.
933 2074 1014 2108 lon.
1026 2078 1062 2107 et
1074 2078 1170 2119 poet.
1178 2084 1245 2119 pro
1257 2083 1390 2107 comm.
1404 2085 1488 2105 nm·

813 2122 902 2170 ἔχειν,
922 2131 960 2158 et
974 2122 1112 2157 κωλύειν.
1128 2122 1322 2169 Impedire.
1337 2123 1381 2157 iv,
1401 2124 1461 2156 43.

790 2173 925 2212 {mbo-m.
949 2174 1029 2209 Ion.
1049 2185 1115 2220 per
1131 2173 1426 2207 contractionem
1441 2183 1487 2205 ex

815 2240 846 2262 οη
872 2226 911 2259 in
947 2239 981 2259 ω,
1017 2235 1086 2270 pro
1113 2223 1303 2257 communi
1342 2221 1488 2259 ἐννοήσεις,

815 2275 912 2310 Cum
930 2274 1178 2310 intellexisset.
1215 2270 1274 2306 ὁδ’
1299 2271 1421 2310 ἐννώσας
1445 2270 1488 2305 τὰ

816 2324 982 2370 λεγόμενοι.
1022 2325 1117 2359 Cum
1146 2329 1272 2358 autem
1296 2323 1357 2357 ille
1379 2321 1488 2356 intel-

817 2375 966 2410 lexisset
988 2386 1043 2415 ea,
1069 2385 1149 2422 quae
1169 2373 1396 2408 dicebantur.
1420 2370 1489 2405 Vel

817 2425 1092 2460 considerasset.
1121 2424 1217 2458 Cum
1238 2422 1489 2470 perpendisset

818 2488 872 2517 ea,
904 2487 937 2522 q.
955 2475 990 2510 d.
1022 2475 1045 2509 i.
1076 2477 1134 2511 69.
1178 2474 1235 2512 Sic
1264 2472 1389 2512 ἐνένωτο,
1420 2481 1489 2517 pro

819 2524 953 2562 ἐνενόητο.
981 2525 1027 2567 In
1053 2525 1179 2559 animo
1199 2522 1368 2558 habebat.
1386 2522 1409 2555 i.
1428 2524 1477 2561 77

820 2574 998 2614 ἐννώσαντα,
1019 2586 1086 2621 pro
1101 2572 1287 2611 {novio-oenoe.
1315 2573 1410 2606 Cum
1428 2581 1490 2604 co-

820 2626 982 2684 gitasset.
1010 2626 1107 2660 Cum
1126 2635 1250 2658 secum
1274 2624 1489 2668 ieputasset.

820 2676 844 2709 i
855 2679 913 2710 86.
934 2673 1113 2709 ἐννενώκασι.
1126 2672 1488 2708 Animam-‚emerunt

822 2720 1489 2772 ’111.6.ἒνενωντο,Ριοὲνενόηντο.(ἶοςίῒὲιὰ

848 2786 870 2809 1.
889 2779 912 2810 3
